2917 4275
229 3343 238 3350 -
325 3307 433 3371 agli
481 3308 741 3357 elementi.

915 325 998 366 DE
1043 326 1261 368 RERUM
1305 326 1587 373 NATURA.

2101 330 2221 390 159

309 463 495 527 atque
542 451 752 510 eadem
798 453 978 528 paulo
1024 449 1179 510 inter
1226 470 1288 510 se
1332 460 1560 510 mutata
1606 469 1806 510 creare

315 541 485 619 ignes
531 550 590 600 et
633 539 907 617 lignum?
975 558 1097 616 quo
1141 550 1318 617 pacto
1363 541 1548 599 verba
1593 558 1832 616 quoque
1878 538 2006 617 ipsa

316 629 472 690 inter
519 648 580 688 se
626 627 805 705 paulo
851 627 1090 688 mutatis
1137 638 1274 688 sunt
1320 627 1648 702 elementiS,

313 737 457 780 cum
502 718 664 795 ligna
707 727 887 793 atque
928 715 1101 795 ignes
1145 716 1422 778 distincta
1466 736 1614 777 voce
1664 726 1959 778 notamus,

316 806 584 883 denique
627 805 744 864 iam
791 824 945 881 quae
991 825 1248 883 cumque
1290 805 1354 866 in
1396 808 1575 865 rebus
1604 804 1796 866 cernis
1825 806 2043 883 apertis
2095 830 2165 886 91
2187 830 2217 882 ΥΕ

309 895 369 956 si
416 895 544 954 fieri
587 915 710 954 non
756 913 929 970 posse
976 906 1164 972 putaS,
1216 893 1360 972 quin
1407 893 1677 954 materiai
2277 894 2285 906 ’

315 1004 573 1062 corpora
620 981 913 1044 consimili
957 993 1164 1042 natura
1208 983 1479 1061 praedita
1521 986 1726 1060 finga3‚

319 1075 436 1133 hac
479 1070 709 1132 ratione
755 1071 868 1131 tibi
910 1083 1165 1149 pereunt
1208 1071 1533 1150 primordia
1577 1090 1808 1132 rerum:

312 1164 424 1222 fiet
470 1161 557 1220 uti
601 1161 724 1220 risu
768 1162 1024 1220 tremulo
1070 1180 1357 1222 concussa
1400 1160 1760 1222 cachinnent

310 1261 381 1311 et
425 1248 684 1310 lacrimis
730 1247 894 1309 salsis
941 1260 1245 1310 umectent
1290 1271 1393 1312 ora
1436 1270 1759 1329 genasque.

394 1547 513 1596 911.
571 1534 709 1582 inter
764 1550 815 1582 se
874 1540 1073 1582 mutata
1095 1552 1111 1582 .·
1173 1535 1223 1583 la

317 1606 610 1656 mutazione
648 1620 753 1652 non
780 1601 809 1652 ὲ
836 1605 1048 1669 dunque
1087 1605 1223 1655 nella

317 1684 516 1735 natura,
557 1675 677 1724 nell’
701 1691 905 1724 essenza
940 1676 1078 1738 degli
1117 1683 1222 1725 ato-

323 1749 412 1811 mi,
468 1745 615 1796 bensi
673 1747 759 1795 uei
812 1747 923 1795 loro
980 1747 1224 1815 reciproci

315 1818 565 1884 τερροτῖί,
613 1813 725 1866 οἱοὲ
778 1817 899 1867 nell'
932 1810 1110 1867 ordine
1174 1819 1225 1866 di

321 1889 404 1938 lor
439 1888 796 1938 collocazione.

398 1970 648 2023 915-920.
668 1961 988 2022 Anassagora
1007 1959 1088 2008 col
1107 1975 1224 2024 sup·

319 2046 476 2098 porte
513 2029 710 2079 infinite
758 2031 806 2080 le
857 2028 1051 2096 qualit&⁴
1086 2031 1226 2094 degli

321 2101 584 2161 elementi,
624 2117 651 2151 e
701 2101 957 2151 divisibile
1004 2102 1088 2151 all'
1110 2100 1225 2150 infi-

317 2175 432 2224 nito
459 2175 511 2221 la
548 2173 773 2232 materia,
799 2189 966 2223 venne
1000 2174 1056 2221 in
1087 2180 1225 2222 certo

322 2245 479 2295 modo
508 2260 537 2292 a
565 2246 881 2308 distruggere
916 2244 955 2292 il
992 2251 1227 2293 concetto

316 2324 487 2367 stesso
525 2315 577 2363 di
615 2316 823 2363 materia
850 2332 879 2364 e
904 2332 933 2362 a
969 2315 1228 2365 sostituire

319 2388 392 2436 ad
430 2402 541 2435 esso
571 2385 744 2450 quello
783 2385 834 2434 di
871 2384 1079 2451 qualite..
1121 2387 1227 2437 Ora

319 2474 380 2507 se
417 2472 508 2522 per
533 2457 782 2521 ispiegare
806 2456 855 2506 le
880 2457 1075 2507 diverse
1104 2473 1229 2522 qua-

323 2526 419 2577 lita
453 2526 589 2576 delle
629 2542 745 2576 cose
782 2528 865 2577 del
904 2528 1110 2588 mondo,
1149 2527 1228 2575 bi-

316 2594 545 2662 sognera
569 2599 858 2662 respingere
886 2606 1066 2663 questa
1104 2614 1228 2663 qua-

324 2666 419 2719 lita
480 2671 594 2717 sino
653 2669 702 2717 ai
764 2669 1030 2734 primordii
1091 2669 1226 2719 delle

315 2756 461 2799 cose,
499 2756 743 2806 supporre
768 2736 878 2789 οἰοὲ
914 2740 1009 2789 che
1032 2739 1118 2804 gia
1154 2740 1228 2804 gli

315 2811 569 2862 elementi
630 2812 850 2860 abbiano
914 2810 963 2860 le
1036 2808 1229 2877 qualite.

325 2891 499 2940 stesse‚
553 2898 657 2931 non
704 2882 751 2931 vi
803 2897 1019 2931 sai-anno
1068 2883 1230 2932 allora

315 2951 536 3019 qualita-
559 2969 591 3001 ο
634 2951 891 3019 ρτορῐὶεῖὲ
941 2953 1076 3003 delle
1113 2969 1229 3003 cose

324 3025 421 3074 che
448 3040 553 3072 non
589 3034 970 3090 appartengano
998 3024 1102 3088 agli
1127 3024 1230 3074 ele-

316 3096 525 3145 menti:
579 3094 775 3159 perfino
830 3097 868 3145 il
922 3095 1024 3145 riso
1072 3095 1134 3145 ed
1190 3095 1229 3144 il

329 3166 507 3231 pianto
533 3182 637 3215 non
656 3174 908 3231 potranno
932 3183 1079 3217 avere
1099 3167 1230 3232 spie-

316 3238 539 3303 ,gazione
595 3253 649 3286 se
704 3252 811 3285 non
867 3237 1230 3287 attribuendoli

810 3308 905 3357 Col
966 3318 1119 3359 trarre
1180 3308 1229 3357 le

325 3378 508 3428 ultime
592 3394 941 3443 conseguenze
1022 3380 1229 3431 assurde

320 3448 465 3497 della
497 3450 673 3511 teoria,
702 3450 947 3500 Lucrezio
971 3451 1093 3500 vuol
1117 3466 1227 3500 mo-

326 3526 489 3570 strare
524 3522 733 3571 assurda
768 3522 819 3571 la
861 3522 1020 3571 teoria
1056 3527 1227 3572 stessa.

419 3600 537 3655 915.
581 3608 715 3657 quae
760 3608 973 3657 cumque
1028 3593 1230 3642 cernis:

318 3656 442 3710 cioe
502 3662 553 3713 le
624 3659 819 3729 qualit&
880 3680 912 3712 o
974 3662 1231 3729 proprieta

2107 1272 2229 1327 925]

1330 1534 1466 1586 delle
1502 1551 1633 1585 cose.
1675 1561 1739 1569 —
1779 1535 2007 1599 apertis.-
2049 1555 2074 1579 ι
2118 1534 2231 1582 viei-

1316 1607 1422 1680 pni
1466 1625 1510 1656 2.

1400 1687 1520 1738 917.
1555 1673 1780 1741 ⁴fingas:
1838 1676 1927 1741 qui
1985 1692 2090 1725 non
2144 1678 2227 1726 nel

1328 1764 1478 1798 senso
1540 1748 1594 1795 di
1650 1768 1674 1792 c
1728 1748 1948 1796 formare
2010 1765 2033 1788 ι
2089 1761 2120 1794 o
2181 1750 2233 1794 dl

1334 1839 1358 1864 ι
1402 1818 1641 1868 simulare
1683 1838 1726 1879 ι,
1765 1816 1912 1868 bensi
1956 1819 2011 1867 in
2055 1818 2229 1883 quelle

1330 1890 1383 1939 di
1426 1910 1450 1934 c
1493 1887 1805 1951 raffigurarsi
1847 1909 1893 1938 ι.

1402 1959 1523 2023 918.
1555 1967 1813 2022 pereunt:
1859 1956 2081 2026 perche?
2123 1977 2233 2024 per-

1330 2027 1424 2081 che
1461 2028 1573 2080 sara
1623 2031 1830 2079 assurdo
1875 2030 2229 2095 raffigurareeh'

1332 2102 1517 2152 ridenti
1543 2117 1574 2149 o
1599 2101 1864 2167 piangenti
1887 2116 1899 2152 ε
1938 2118 2103 2167 eppur
2127 2118 2229 2151 nun

1332 2175 1375 2224 si
1429 2174 1739 2239 potrebbero
1793 2174 2129 2237 immaginare
2181 2191 2233 2223 ,ῆι-

1332 2261 1438 2295 non
1488 2243 1625 2295 cosi:
1677 2245 1887 2311 dunque
1931 2245 2233 2295 verrebbem

1332 2331 1500 2367 mene.
2000 2370 2005 2376 ¹

1405 2400 1657 2449 919-920.
1694 2387 1928 2453 Ripetuti
1954 2389 2008 2437 in
2034 2389 2098 2448 ΙΙ,
2133 2391 2233 2451 95?-

1333 2474 1438 2521 seg.
1493 2459 1690 2521 Questo
1737 2458 1933 2523 parlare
1981 2459 2034 2507 di
2078 2462 2233 2509 senti-

1333 2529 1494 2579 menti
1560 2530 1735 2579 umani
1796 2529 1936 2593 degli
1996 2530 2234 2579 elementi

1333 2616 1438 2649 non
1472 2597 1500 2648 ὲ
1539 2602 1628 2665 poi
1655 2617 1756 2649 una
1781 2607 2033 2650 stranezza
2069 2601 2229 2648 lucre-

1332 2672 1491 2730 ziana,
1530 2667 1740 2734 giacche
1766 2671 1870 2734 egli
1909 2671 2116 2720 confuta
2149 2671 2233 2735 qui

1332 2747 1666 2805 Anassagora,
1695 2743 1789 2792 che
1826 2742 1962 2793 della
1999 2758 2089 2790 sua
2127 2758 2233 2791 mn-

1333 2814 1461 2862 teria
1507 2813 1823 2862 sottilissima
1871 2814 1934 2862 ed
1973 2820 2157 2871 eterna
2201 2815 2233 2859 ΞΙ

1333 2887 1473 2942 νοῦς,
1508 2897 1761 2949 pensava·
1796 2880 2014 2948 γνώμην
2037 2900 2095 2947 γε
2117 2883 2237 2947 πεῇἰ.

1332 2950 1525 3009 παντὸς
1549 2959 1722 3005 πᾶσαν
1749 2950 1879 3019 ἴσχει
1907 2972 1935 3003 e
1961 2971 2026 3003 ne
2066 2955 2219 3003 face-v:
2221 2975 2237 3003 ·r.

1335 3027 1447 3075 anzi
1502 3026 1852 3076 l'ordinatrice
1902 3026 1955 3074 di
2007 3032 2139 3076 tutte
2193 3027 2237 3075 le

1335 3112 1451 3146 cose
1505 3098 1726 3147 animate
1762 3098 1860 3163 (pr.
1901 3095 2083 3161 Simpl.
2123 3111 2205 3163 33.
2217 3111 2237 3131 τ’

1342 3168 1561 3232 15613
1603 3170 1710 3229 D..)

1408 3248 1661 3302 921-950.
1698 3239 1769 3287 Di
1807 3240 1974 3305 questi
2010 3240 2141 3289 versi
2169 3243 2237 3303 Εἶτ’
2229 3283 2238 3287 -

1338 3310 1508 3359 ultimi
1548 3320 1612 3373 25
1666 3310 1711 3359 si
1766 3316 1976 3361 trovano
2033 3311 2233 3374 ripetui

1337 3397 1484 3430 come
1520 3382 1752 3464 proemio
1788 3383 1838 3431 al
1867 3383 1999 3431 libro
2024 3383 2116 3441 IV,
2141 3399 2237 3429 cori

1338 3452 1556 3518 qualche
1593 3453 1890 3503 variazione.
1930 3453 2063 3502 Vedi
2101 3469 2130 3500 a
2169 3455 2233 3499 ta}

1337 3523 1602 3587 proposito
1639 3523 1676 3572 il
1715 3523 1970 3583 Giussani,
1999 3541 2028 3573 a
2053 3540 2102 3589 q.
2129 3523 2182 3579 l..
2213 3543 2237 3571 a:

1339 3594 1379 3642 il
1402 3594 1624 3657 Brieger‚
1651 3595 1737 3645 nei
1760 3595 1996 3659 Prolegg.
2023 3595 2126 3643 alla
2149 3611 2237 3643 ειμι

1342 3664 1465 3715 ediz.
1506 3681 1556 3730 p.
1602 3665 1666 3714 16
1703 3681 1808 3731 seg.
