2917 4275
343 289 364 318 0

983 322 1067 364 DE
1112 323 1328 366 RERUM
1376 323 1655 369 NATURA.

2152 325 2272 385 139

366 445 465 508 hic
511 458 599 509 est
641 459 808 509 vasta
852 449 1203 528 Charybdis,
1252 460 1312 509 et
1345 448 1457 538 ‘hic
1501 454 1770 510 Aetnaea
1812 447 2110 509 minantur

367 555 672 596 murmura
717 539 1086 598 flammarum
1133 557 1363 600 rursum
1408 557 1474 599 se
1518 537 1795 616 colligere
1839 537 1970 613 iraS,

362 624 629 686 faucibus
675 637 917 703 eruptos
961 625 1173 686 iterum
1218 626 1311 686 vis
1353 638 1420 687 ut
1463 638 1664 687 vomat
1706 625 1858 705 ignis

362 715 441 775 ad
488 716 838 792 caelumque
884 717 1033 775 ferat
1077 715 1336 776 flammai
1380 717 1612 794 fulgura
1654 736 1905 776 rursum.

2146 732 2270 792 725

368 820 520 880 quae
567 822 702 864 cum
750 824 965 881 magna
1010 803 1203 865 modis
1247 804 1448 864 multis
1496 804 1766 864 miranda
1808 803 2042 864 videtur

364 891 643 969 gentibus
689 892 965 952 humanis
1011 892 1175 971 regio
1221 893 1584 970 visendaque
1629 895 1826 963 fertur,

361 982 543 1041 rebus
589 979 789 1058 opima
834 980 1031 1052 boniS,
1081 983 1267 1041 multa
1310 982 1540 1041 munita
1583 980 1772 1042 virum
1819 980 1895 1054 vi,

328 1067 451 1128 ·nil
495 1079 695 1129 tamen
744 1071 863 1131 hoc
908 1069 1187 1129 habuisse
1234 1068 1363 1130 viro
1409 1069 1764 1148 praeclarius
1807 1069 1870 1129 in
1915 1089 1978 1129 se

362 1177 476 1218 nec
521 1168 791 1218 sanetum
839 1158 1025 1236 magis
1072 1169 1131 1218 et
1175 1157 1391 1220 mirum
1438 1178 1760 1236 carumque
1791 1157 2043 1220 videtur.

2142 1176 2268 1234 730

362 1244 623 1306 carmina
670 1246 815 1323 quin
860 1246 1040 1306 etiam
1086 1246 1274 1308 divini
1320 1247 1576 1326 pectoris
1623 1248 1748 1308 eius

435 1609 553 1660 722.
597 1598 877 1660 Charybdis
896 1615 913 1646 .·
950 1599 1170 1648 secondo
1210 1599 1260 1648 la

361 1668 528 1718 favola
578 1670 799 1718 omerica
834 1667 956 1733 (Od.
996 1670 1115 1729 XII,
1161 1683 1251 1719 101

358 1737 540 1804 segg.),
578 1749 769 1787 mostro
804 1741 898 1789 che
936 1741 1171 1804 ingoiava
1209 1741 1258 1790 le

358 1825 520 1876 acque
564 1808 890 1874 (raffigurava
942 1812 1151 1876 dunque
1187 1827 1258 1860 un

358 1880 587 1945 vortice),
614 1882 707 1930 che
745 1898 830 1931 era
854 1888 987 1930 sotto
1027 1898 1096 1930 un
1132 1895 1259 1946 gran

356 1951 611 2017 caprifico,
650 1951 781 2002 sulla
828 1952 1058 2017 spiaggia
1096 1969 1257 2018 oppo-

358 2029 435 2072 sta
471 2039 501 2071 a
537 2022 705 2072 Scilla.
747 2023 942 2085 Quindi
967 2031 1116 2074 vasta
1152 2040 1257 2072 non

358 2089 387 2143 ὲ
430 2113 452 2136 c
494 2094 690 2145 deserta
725 2095 777 2143 di
806 2094 1005 2144 nomini
1048 2112 1070 2136 ο
1112 2109 1257 2146 come

356 2168 565 2216 afferma
600 2167 638 2215 il
676 2166 862 2215 Munro
899 2165 953 2231 (e
990 2165 1257 2231 riproduce

354 2237 393 2285 il
433 2237 727 2300 Giussani);
779 2253 861 2285 ma
908 2233 937 2285 ὲ
982 2238 1068 2286 nel
1106 2253 1257 2286 senso

357 2306 513 2356 attivo
555 2326 579 2350 c
620 2307 1007 2371 distruggitrice‚
1056 2307 1256 2358 desola-

356 2377 483 2427 trice
527 2394 585 2437 ’3
638 2377 825 2427 Omero
870 2380 937 2427 ha
988 2378 1104 2441 XII,
1158 2392 1253 2443 113

359 2464 389 2497 e
431 2446 536 2507 428
587 2442 743 2510 ὀλοὴν
790 2445 1109 2513 Χάρυβδιν,·
1147 2462 1256 2514 430

359 2514 535 2581 δεινήν
565 2534 619 2567 τε
654 2515 946 2582 Χάρυβδιν.

433 2598 552 2653 723.
599 2606 651 2638 se
705 2590 965 2655 colligere:
1024 2590 1063 2639 il
1111 2607 1164 2640 se
1210 2590 1254 2640 si

356 2659 581 2710 riferisce
630 2660 713 2708 all’
735 2662 880 2721 Etna,
922 2661 959 2710 il
1009 2661 1091 2710 cui
1134 2676 1251 2710 con-

357 2738 493 2780 cetto
529 2731 567 2779 s’
588 2731 774 2781 induce
803 2732 938 2781 dalla
974 2731 1107 2781 frase
1131 2734 1253 2781 Aet-

358 2817 487 2850 naea
532 2818 806 2851 murmura
848 2822 871 2845 c
913 2803 931 2851 i
967 2803 1106 2851 boati
1148 2802 1253 2852 del-

355 2870 389 2919 l’
415 2873 548 2923 Etna
591 2891 633 2922 ι.

428 2952 545 3004 724.
595 2951 803 2992 vomat.-
861 2943 1095 2993 evidente
1143 2959 1251 2993 cor-

353 3013 554 3063 rezione
590 3013 675 3063 del
721 3014 977 3063 Lambino
1023 3028 1114 3079 per
1150 3032 1254 3063 om-

354 3084 471 3133 niat
503 3084 587 3134 dei
624 3084 803 3135 codici.
843 3085 889 3133 Il
925 3100 1069 3148 sogg.
1109 3081 1138 3133 ὲ
1172 3086 1253 3134 vis

354 3168 438 3202 ma
463 3156 574 3203 solo
598 3154 1133 3218 grammaticalmente,
1160 3150 1254 3204 che

352 3224 440 3274 nel
479 3224 713 3290 pensiero
750 3225 868 3275 dell'
890 3232 1066 3275 autore
1102 3242 1130 3275 e
1168 3225 1253 3275 del

352 3294 534 3366 lettore
559 3296 597 3345 il
622 3312 765 3360 sogg.
794 3292 823 3345 ὲ
848 3311 1047 3361 sempre
1072 3296 1104 3343 l·
1119 3296 1253 3345 Etna

352 3365 446 3415 che
481 3368 860 3417 violentemente
890 3367 1079 3415 vomita
1116 3366 1251 3416 dalle
1284 3390 1287 3393 ⁴

352 3450 443 3486 sue
480 3436 613 3487 sauci
641 3438 658 3486 i
688 3437 861 3487 fuochi
899 3438 1251 3503 prorompenti

353 3503 584 3573 (giacche
620 3517 827 3573 eruptos
865 3523 956 3574 per
999 3507 1120 3573 quel
1156 3508 1271 3558 che·

350 3578 587 3640 riguarda
635 3579 673 3627 il
712 3587 885 3644 tempo
922 3575 951 3627 ὲ
1004 3578 1093 3643 qui
1130 3578 1249 3626 ado·

350 3656 461 3697 rato
496 3664 646 3699 come
680 3664 783 3699 una
820 3649 936 3700 idea
981 3649 1037 3697 di
1071 3649 1249 3698 antici·

1365 1599 1592 1664 pazione,
1635 1615 1663 1649 e
1711 1597 2038 1664 corrisponde
2092 1596 2142 1646 al
2180 1611 2272 1645 no-

1365 1677 1470 1719 stro
1512 1669 1785 1735 presente).
1823 1667 1888 1718 V.
1927 1669 2074 1720 Pind.
2114 1668 2267 1732 Pyth.

1364 1743 1404 1800 Ι,
1433 1755 1505 1802 40
1541 1756 1570 1791 e
1605 1757 1716 1805 sgg.
1758 1758 1788 1791 e
1822 1740 1976 1804 Verg.
2017 1742 2144 1788 Aen.
2170 1739 2272 1798 111,

1366 1821 1555 1945 ⁵⁷5²&
1593 1897 1781 1948 magna
1804 1898 1826 1930 :⁴
1865 1880 2191 1946 apposizione
2237 1895 2266 1928 a

1362 1969 1510 2016 quae.
1541 1981 1602 1990 -—
1635 1953 1796 2002 modis
1821 1953 2032 2000 multis:
2067 1952 2259 2000 altr-ove

1361 2024 1608 2074 Lucrezio
1632 2021 1784 2087 (895)
1823 2021 2151 2078 mecltimodis,
2178 2035 2266 2070 co·
2335 2068 2339 2072 .

1362 2111 1445 2144 me
1482 2095 1537 2145 in
1577 2095 1678 2159 603
1717 2092 2034 2144 omnimodis.

1435 2176 1556 2230 730.
1595 2181 1906 2230 carumque.-
1947 2164 1987 2213 il
2024 2163 2264 2214 Giussani

1362 2246 1652 2287 commenta
1691 2237 2118 2301 ingenuamente:
2156 2234 2260 2283 Lu·

1361 2308 1529 2357 crezio
1551 2324 1729 2358 amava
1748 2306 2077 2372 Empedocle.
2097 2304 2266 2354 Credo

1362 2378 1700 2438 ineluttabile,
1764 2394 1855 2444 per
1914 2377 1988 2441 gli
2048 2376 2264 2441 esempii

1360 2450 1615 2515 apportati
1663 2449 1751 2499 dal
1803 2449 2006 2505 Manto,
2053 2447 2085 2495 1‘
2106 2448 2264 2496 inter-

1360 2522 1651 2585 pretazione
1693 2540 1717 2565 e
1759 2519 1987 2585 prezioso
2028 2536 2074 2566 ι.

1434 2603 1554 2655 731.
1593 2591 1861 2639 carmina:
1906 2589 1944 2637 il
1979 2583 2118 2651 Περὶ
2159 2583 2260 2649 φύ-

1360 2677 1496 2716 σεως
1533 2677 1562 2711 e
1599 2663 1615 2711 i
1655 2656 1956 2722 Καθαρμοί.
1989 2658 2093 2707 Cfr.
2131 2659 2260 2707 Poc-

1361 2741 1537 2782 tarum
1606 2732 2029 2796 philosophorum
2096 2728 2264 2793 frag·

1360 2811 1550 2853 menta.
1635 2803 1822 2853 Edidit
1919 2802 2262 2849 Hermannus

1364 2875 1528 2922 Diels.
1587 2873 1828 2923 Berolini.
1876 2870 2031 2937 Apud
2086 2869 2269 2919 Weid-·

1360 2960 1590 2994 mannos.
1653 2957 1804 3008 1901,
1859 2958 1910 3007 p.
1966 2952 2061 3005 105
2118 2956 2259 3005 segg.

1358 3040 1425 3049 —
1466 3016 1635 3064 divini
1651 3031 1669 3063 .·
1718 3011 2122 3078 amplificazione
2156 3010 2260 3061 fre-

1360 3094 1550 3151 quente
1576 3086 1629 3134 in
1655 3085 1818 3134 latino
1839 3102 1851 3145 ;
1889 3100 1935 3132 v.
1965 3084 2029 3132 ad
2055 3100 2124 3133 es‚
2151 3081 2257 3132 Cic.

1358 3157 1439 3205 De
1494 3156 1638 3206 Orat.
1691 3169 1734 3219 1,
1779 3168 1856 3213 10,
1893 3167 1990 3216 403
2041 3156 2164 3218 Rep.
2216 3167 2261 3211 ι,

1360 3240 1441 3287 29,
1490 3237 1600 3291 453
1654 3227 1748 3287 Qu.
1780 3226 1871 3289 fr.
1927 3240 1973 3285 2,
2014 3223 2061 3285 8,
2107 3238 2149 3274 1.
2193 3248 2258 3261 --

1346 3300 1573 3361 pectoris
1593 3314 1609 3345 .·
1663 3316 1687 3340 ι
1727 3296 1914 3356 animo,
1967 3296 2257 3359 intelligen-

1362 3383 1421 3417 εει
1465 3385 1505 3415 ι.
1535 3369 1598 3417 In
1635 3367 1705 3417 tal
1740 3367 1912 3431 signif.
1939 3363 1968 3415 ὲ
1991 3366 2261 3432 frequente

1362 3438 1418 3487 in
1454 3437 1631 3487 latino.
1670 3436 1790 3487 Cosi
1835 3454 1960 3503 pure
1997 3452 2099 3486 cor.
2150 3434 2256 3483 Cfr.

1355 3521 1459 3572 413
1517 3510 1616 3557 diti
1666 3510 1726 3557 de
1770 3516 1974 3573 pectore
2015 3506 2222 3571 fundet
2240 3518 2260 3564 ‚·

1356 3580 1446 3641 lv,
1487 3593 1592 3643 914
1627 3581 1953 3643 repulsanti.
1978 3616 2022 3627 ..
2054 3583 2258 3641 pectore

1356 3651 1494 3700 dicta
1512 3666 1532 3710 ,⁰
1571 3650 1637 3712 11,
1670 3664 1734 3711 14
1770 3667 1799 3698 0
1826 3657 2036 3715 pectora
2068 3662 2212 3695 caeca
2237 3651 2260 3692 l
