2917 4275
968 341 1052 382 DE
1099 341 1315 384 RERUM
1364 341 1642 385 NATURA.

356 490 430 530 ex
475 467 709 529 infinito
754 479 1041 530 vexantur
1086 468 1309 546 percita
1352 468 1570 546 plagiS,

2099 486 2257 545 1025

357 578 538 619 omne
575 555 782 636 genus‘
809 569 1007 618 motus
1056 568 1116 618 et
1161 568 1365 618 coetus
1413 556 1786 634 experiundo

357 649 602 708 tandem
649 647 978 707 deveniunt
1022 646 1086 706 in
1133 647 1264 707 talis
1312 645 1716 724 disposituraS,

355 736 632 812 qualibus
675 739 824 796 haec
869 755 1065 796 rerum
1112 734 1383 798 consistit
1429 754 1663 794 summa
1707 744 1921 818 creata,

359 834 420 884 et
463 826 684 884 multos
731 824 908 884 etiam
953 844 1204 902 magnos
1236 833 1463 884 servata
1508 843 1614 901 per
1661 843 1850 884 annos

357 924 423 974 ut
467 917 649 973 semel
696 912 759 972 in
805 924 1001 973 motus
1048 912 1372 975 coniectast
1415 912 1846 986 convenientiS,

2097 933 2265 988 1030

357 1001 535 1064 efficit
580 1013 645 1062 ut
689 1002 864 1080 largis
908 1003 1149 1062 avidum
1196 1023 1357 1062 mare
1405 1000 1665 1061 fluminis
1711 999 1888 1061 undis

355 1088 653 1169 integrent
697 1111 902 1151 amnes
948 1103 1009 1152 et
1054 1091 1193 1151 solis
1238 1102 1394 1152 terra
1438 1108 1663 1167 vapore
1775 1083 1778 1087 ’

357 1181 479 1240 fota
508 1192 690 1241 novet
735 1182 889 1240 fetus
936 1180 1368 1257 summissaque
1412 1199 1562 1258 gens
1607 1178 1976 1239 animantum

354 1480 409 1529 in
455 1495 560 1529 uno
608 1480 835 1528 scambio
891 1480 1153 1545 reciproco
1204 1481 1256 1529 di

355 1551 630 1609 elementi:
690 1567 717 1600 e
775 1546 885 1600 cioe
948 1551 979 1598 l'
1010 1566 1257 1615 aggrega-

352 1622 499 1672 zione
538 1639 567 1672 e
604 1622 653 1671 13
689 1622 1074 1686 disgregazione
1122 1623 1258 1672 della

354 1694 565 1743 materia
620 1694 689 1751 fu,
748 1709 839 1758 per
894 1700 1073 1759 queste
1121 1694 1259 1744 varie

356 1763 520 1814 forme
557 1765 608 1812 di
647 1765 906 1823 esistenza,
957 1780 1257 1829 compensa-

357 1835 475 1896 tivo,
512 1851 605 1900 per
642 1836 796 1884 modo
846 1835 939 1883 che
989 1834 1040 1882 13
1095 1843 1256 1885 morte

353 1905 489 1957 delle
527 1922 628 1957 une
666 1907 967 1955 assicurasse
1002 1905 1105 1955 alle
1130 1907 1257 1956 altre

351 1977 404 2025 13
438 1979 563 2027 vita:
603 1979 647 2027 si
680 1974 857 2026 stabili
886 1975 990 2026 cosi
1017 1992 1088 2025 un
1113 1979 1257 2042 equi-

353 2048 519 2108 librio,
560 2065 629 2098 un
667 2056 811 2116 patto
848 2048 902 2096 di
937 2048 1041 2097 vita
1078 2046 1254 2113 (natu-

351 2120 440 2169 rai
457 2120 705 2184 foedera)
734 2127 807 2170 tra
832 2120 881 2169 le
906 2118 1042 2170 varie
1068 2120 1255 2185 specie.

355 2191 548 2253 Questa
583 2193 808 2257 Epicuro
847 2192 1107 2241 chiamava
1150 2187 1255 2240 ἶσο-

352 2260 523 2324 νομία,
562 2263 653 2312 0110
691 2262 937 2312 Cicerone
972 2262 1149 2327 spiega
1172 2278 1255 2311 ae-

353 2334 578 2396 quabilis
616 2335 825 2383 tributio
863 2334 960 2396 (N.
989 2334 1059 2381 D.
1093 2335 1132 2392 1,
1175 2346 1254 2394 19,

357 2401 463 2465 50).
503 2403 567 2452 V.
606 2403 641 2452 il
682 2411 853 2452 nostro
903 2403 1073 2453 studio
1126 2404 1259 2453 sulla

359 2492 383 2515 e
418 2471 577 2523 fissita
602 2474 735 2523 delle
762 2475 929 2538 specie
956 2492 983 2524 e
1010 2474 1061 2523 la
1086 2475 1257 2524 isono-

358 2543 459 2592 mia
486 2563 528 2603 ι,
549 2544 637 2595 nel
656 2545 859 2593 volume
881 2547 1056 2594 Studii
1073 2547 1255 2596 critici.

431 2628 582 2677 1024.
605 2623 831 2665 mutata:
867 2631 972 2665 non
996 2617 1049 2664 di
1078 2624 1257 2666 natura

349 2701 436 2735 ma
473 2687 525 2734 di
561 2687 734 2750 luog0,
780 2701 873 2751 per
920 2688 958 2736 il
1010 2688 1255 2738 continuo

352 2758 667 2808 movimento
705 2757 843 2820 degli
881 2758 1054 2808 atomi.

430 2840 581 2893 1025.
635 2830 834 2895 percita
885 2830 1062 2894 plagis
1086 2846 1103 2877 .·
1165 2831 1255 2895 qui

351 2900 618 2949 menziona
651 2901 668 2949 i
696 2898 993 2949 movimenti
1017 2900 1069 2949 di
1094 2902 1253 2950 atomi

347 2969 507 3036 spinti
544 2972 609 3020 da
652 2972 751 3019 urti
789 2970 840 3020 di
888 2970 1004 3019 altri
1062 2973 1248 3032 atomi;

344 3057 435 3091 ma
470 3040 637 3092 l'altra
663 3056 814 3091 causa
839 3042 891 3090 di
920 3042 1250 3105 movimento‚

348 3111 389 3161 il
426 3128 567 3178 peso,
590 3128 695 3161 non
721 3108 747 3160 ὲ
775 3113 1105 3163 menzionata.
1133 3116 1251 3164 Per-

349 3180 431 3233 0ἱὸ
470 3184 639 3250 questi
676 3184 804 3233 versi
841 3199 968 3233 sono
999 3184 1117 3233 stati
1143 3202 1252 3234 mo-

348 3254 541 3305 dificati
576 3255 631 3305 in
670 3255 731 3318 V,
770 3267 873 3315 422
914 3271 942 3306 e
975 3270 1132 3319 segg„
1160 3273 1253 3322 per

349 3326 560 3384 rendere
579 3322 669 3392 piu
699 3334 857 3376 esatta
882 3325 1249 3391 l’esposizione,

350 3398 716 3462 aggiungendo
780 3396 941 3446 anche
1001 3395 1039 3445 il
1099 3414 1247 3463 peso:

353 3486 379 3511 e
426 3470 839 3533 ponderibusque
880 3468 995 3517 'suis
1044 3484 1251 3519 consue-

347 3546 483 3587 runt
516 3540 712 3589 concita
731 3537 891 3602 ferri
928 3556 951 3579 ι
992 3535 1063 3604 (v.
1101 3538 1247 3605 424).

427 3607 574 3659 1028.
612 3611 638 3660 1
676 3610 824 3661 codd.
851 3608 1038 3669 rebus,·
1076 3626 1159 3660 ma
1201 3628 1247 3660 v·

344 3677 413 3744 V,
458 3691 572 3743 ¹94·

1444 1492 1595 1544 1030.
1633 1489 1696 1529 ut
1731 1480 1914 1528 semel:
1972 1474 2114 1528 cioe:
2161 1498 2184 1522 e
2213 1498 2269 1528 Se

1364 1552 1556 1616 giunge
1594 1567 1697 1600 una
1734 1551 1870 1600 volta
1902 1568 1942 1607 ι,
1983 1567 2014 1598 3
2042 1550 2269 1599 indicare

1364 1624 1382 1671 i
1418 1622 1601 1686 lunghi
1637 1621 1763 1670 varii
1814 1621 2049 1670 tentativi
2090 1637 2265 1686 prece-

1364 1693 1523 1744 denti.
1593 1692 1697 1742 Cfr.
1761 1693 1987 1758 Epicuro
2061 1688 2265 1742 ἑπειὸιῗιψΙ

1364 1762 1506 1822 ἅπαξ
1545 1765 1632 1826 (D.
1675 1764 1734 1813 L.
1775 1765 1840 1827 X,
1882 1761 1988 1827 57).
2036 1763 2100 1811 V.
2139 1779 2265 1828 pure

1367 1837 1468 1901 569
1511 1836 1756 1898 quoniam
1792 1834 1956 1883 semel.

1440 1917 1758 1970 1031-1035.
1795 1904 2030 1956 S’indica
2055 1905 2142 1969 qui
2169 1920 2265 1954 con

1364 1977 1490 2026 varii
1529 1977 1721 2041 esempi
1758 1976 1811 2025 lo
1849 1975 2075 2024 scambio
2127 1991 2265 2024 com*

1363 2048 1629 2113 pensativo
1667 2047 1806 2111 degli
1845 2046 2086 2096 elementi
2119 2054 2192 2095 tra
2216 2050 2265 2098 le

1365 2119 1501 2169 varie
1562 2119 1766 2185 specie„
1810 2118 1869 2167 L'
1894 2117 2120 2182 esempio
2180 2118 2265 2167 del

1364 2207 1502 2240 mare
1529 2190 1829 2241 alimentato
1851 2191 1935 2239 dai
1956 2187 2100 2238 fiumi
2127 2185 2156 2238 ὲ
2179 2191 2265 2255 gia

1364 2262 1417 2311 in
1459 2274 1691 2325 230-31;
1733 2263 1796 2311 ed
1834 2261 1900 2310 ivi
1937 2276 2063 2333 pure
2107 2260 2265 2324 (unctis

1364 2334 1538 2383 aether
1576 2335 1747 2382 sidera
1786 2331 1980 2397 pascit)
2025 2326 2054 2379 ὲ
2092 2333 2265 2398 quello

1365 2403 1502 2453 delle
1540 2403 1687 2454 stelle
1725 2404 2038 2454 alimentate'
2068 2404 2187 2453 dall’
2211 2423 2261 2455 e-

1367 2481 1487 2525 tere.

1441 2558 1592 2609 1031.
1630 2546 1802 2595 solis...
1839 2554 2058 2610 vapore:
2103 2552 2265 2609 vapor

1363 2634 1537 2682 presso
1574 2616 1819 2666 Lucrezio
1857 2612 1884 2663 ὲ
1924 2624 2066 2666 tanto
2108 2615 2144 2663 il
2180 2629 2261 2663 ca-

1363 2687 1471 2738 lore
1502 2703 1646 2737 secco
1679 2687 1772 2737 che
1809 2687 1843 2736 1·
1867 2688 2063 2748 umido;
2093 2683 2257 2736 sicche

1361 2766 1526 2823 vapor
1573 2759 1694 2807 solis
1749 2754 1778 2805 ὲ
1833 2757 2261 2824 frequentissimo,

1362 2830 1428 2890 ΙΙ,
1490 2839 1610 2894 15οε
1669 2837 1832 2893 vapor
1886 2831 1932 2877 is
1988 2846 2134 2893 quem
2190 2827 2273 2876 sos

1361 2903 1562 2960 mittit,·
1599 2900 1686 2960 IV,
1740 2898 1860 2963 185:
1918 2901 2039 2948 solis
2085 2900 2182 2947 lux
2216 2907 2265 2947 et

1361 2982 1526 3037 vapor
1563 2974 1712 3029 eius,·
1750 2984 1876 3020 200:
1917 2971 2037 3019 solis
2063 2971 2146 3018 uti
2172 2970 2265 3018 lux

1361 3060 1421 3091 ac
1439 3050 1631 3107 vap0r;
1663 3043 1752 3101 VI,
1776 3043 1904 3104 236:
1937 3042 2058 3090 solis
2083 3047 2265 3108 vap-or,

1441 3127 1592 3178 1033.
1631 3114 2032 3176 summissaque.-
2083 3109 2189 3160 cosi
2225 3111 2261 3159 il

1359 3185 1608 3244 Pontano,
1648 3183 1688 3231 il
1723 3183 1960 3247 Marullo,
2015 3199 2134 3242 ece„
2173 3199 2265 3248 per

1360 3271 1656 3320 summoque
1676 3254 1759 3304 dei
1785 3270 1960 3306 mser.:
1991 3255 2029 3303 il
2055 3256 2265 3316 Brieger

1359 3326 1452 3375 che
1491 3342 1646 3377 aveva
1683 3332 1934 3392 supposto
1971 3339 2265 3387 summoque

1360 3404 1424 3446 ut
1451 3413 1577 3461 gens
1606 3398 1932 3446 animantum
1958 3397 2008 3445 vi
2035 3391 2273 3445 rinunziffl

1357 3468 1415 3515 in'
1456 3468 1672 3531 seguito.
1725 3470 2110 3529 Summis-saque
2154 3467 2265 3515 vale

1360 3538 1772 3589 evidentemente
1825 3559 1848 3583 ι
1895 3538 2086 3596 florida,
2145 3551 2261 3601 pro—

1358 3625 1564 3674 sperosa
1608 3628 1653 3669 ι,
1711 3611 1802 3659 cfr.
1844 3610 1882 3668 Ι,
1923 3608 1955 3657 8
1994 3625 2023 3657 e
2066 3620 2180 3671 193.
2221 3607 2273 3655 11,

1359 3680 1547 3729 Mum-o
1585 3681 1677 3747 qui
1713 3677 1741 3729 ὲ
1785 3680 1902 3731 fuor
1939 3680 1994 3728 di
2029 3678 2211 3729 strada.
