2917 4275
988 344 1073 386 DE
1119 344 1335 386 RERUM
1382 344 1663 388 NATURA.

2161 346 2281 402 149

358 474 575 548 solque
622 489 726 529 sua
770 489 881 548 pro
926 480 1092 548 parte
1136 472 1300 529 fovet
1344 467 1670 546 tribuitque
1714 470 1991 540 calorem,

359 579 631 623 crescere
674 578 797 618 non
842 559 1076 636 possint
1119 561 1316 636 fruges
1361 559 1603 617 arbusta
1647 555 2002 618 animantis)

359 648 608 721 scilicet,
658 657 717 706 et
762 647 876 706 nisi
920 667 1029 707 nos
1075 647 1243 708 cibus
1289 645 1492 707 aridus
1539 655 1600 705 et
1643 655 1811 706 tener
1856 666 2024 709 umor

359 737 627 808 adiuvet,
674 734 891 796 amisso
936 735 1053 795 iam
1101 754 1350 813 corpore
1394 735 1516 795 vita
1560 754 1798 811 quoque
1862 737 2053 799 omnis

2153 742 2277 798 310

360 824 648 886 omnibus
693 845 726 885 e
772 824 985 900 nervis»,
1034 834 1212 902 atque
1258 824 1490 885 ossibus
1549 826 1924 886 exsoluatur:

358 914 705 974 adiutamur
750 914 909 974 enim
955 912 1144 975 dubio
1189 914 1398 992 procul
1443 924 1623 990 atque
1668 913 1882 974 alimur
1926 935 2033 977 nos

367 1002 543 1065 certis
588 1004 665 1063 ab
715 1004 910 1076 rebuS,
960 1002 1135 1063 certis
1180 1001 1330 1062 aliae
1375 1011 1555 1078 atque
1599 1001 1748 1062 aliae
1795 1023 1906 1064 res,

363 1091 665 1166 nimirum,
715 1092 854 1169 quia
899 1093 1086 1151 multa
1129 1089 1325 1151 modis
1368 1090 1712 1151 communia
1756 1091 1958 1152 multis

367 1183 683 1240 multarum
732 1200 928 1240 rerum
975 1179 1038 1239 in
1082 1182 1261 1240 rebus
1304 1177 1632 1258 primordia
1677 1179 1860 1240 mixta

2157 1186 2273 1258 &15

360 1279 525 1342 sunt,
568 1267 708 1328 ideo
739 1268 915 1329 variis
958 1268 1155 1329 variae
1200 1289 1293 1330 res
1340 1271 1523 1328 rebus
1569 1269 1827 1329 aluntur.

366 1368 547 1434 atque
594 1359 808 1417 eadem
853 1356 1055 1436 magni
1098 1360 1278 1418 refert
1321 1356 1646 1435 primordia
1691 1376 1867 1435 saepe

358 1467 504 1508 cum
551 1446 768 1523 quibus
814 1457 875 1507 et
917 1446 1079 1523 quali
1123 1446 1387 1524 positura
1432 1444 1847 1506 contineantur

361 1545 430 1596 et
474 1555 626 1613 quos
671 1534 826 1596 inter
871 1555 934 1596 se
980 1537 1127 1595 dent
1171 1546 1371 1596 motus
1415 1533 1865 1612 accipiantque:

368 1643 628 1702 namque
678 1627 890 1684 eadem
937 1626 1167 1684 caelum
1212 1644 1375 1685 mare
1422 1634 1609 1683 terras
1639 1623 1881 1683 flumina
1913 1625 2101 1684 solem
2157 1630 2277 1686 320

364 1837 593 1888 avrebbe
665 1851 816 1885 senso
876 1835 1046 1900 piene.
1112 1836 1277 1885 Tabes

370 1910 660 1957 nimborum
697 1926 769 1946 =
818 1903 980 1955 σαπέν
1029 1902 1085 1955 ἕν
1133 1903 1277 1970 ξύλῳ

372 1977 521 2041 ὕδωρ
561 1978 706 2027 fram.
748 1976 809 2026 81
852 1978 919 2026 D.

442 2049 565 2099 808.
602 2066 706 2098 non
739 2050 979 2113 possint:
1027 2047 1071 2096 si
1107 2054 1273 2114 aspet-

374 2121 584 2172 terebbe
606 2119 986 2186 propriamente
1008 2136 1113 2168 non
1125 2127 1276 2184 posse

367 2210 401 2245 e
437 2194 486 2243 al
522 2210 569 2242 v.
604 2191 706 2241 806
734 2192 1034 2256 indulgeat,·
1060 2190 1097 2238 il
1123 2196 1277 2256 poeta

369 2266 438 2314 ha
486 2264 824 2313 liberamente
878 2262 1176 2311 coordinato
1225 2261 1275 2311 le

368 2336 471 2385 due
515 2334 646 2399 parti
697 2333 782 2382 del
831 2334 1057 2399 periodo,
1108 2328 1276 2382 sicchc

369 2405 461 2455 l’et
494 2405 545 2453 di
582 2421 628 2454 v.
669 2404 768 2469 805
797 2420 903 2454 non
931 2400 959 2453 ὲ
984 2404 1275 2469 copulative

372 2493 456 2525 ma
482 2475 871 2527 confermativo:
902 2496 924 2519 c
950 2477 1013 2525 ed
1034 2474 1202 2525 infatti
1226 2494 1272 2538 t,

372 2548 440 2599 ed
479 2547 517 2595 il
547 2548 756 2610 possint
790 2541 818 2593 ὲ·
856 2546 1155 2611 potenziale.

446 2616 692 2678 809·811.
716 2616 936 2674 Rifles-so
962 2617 1123 2666 anche
1149 2632 1275 2681 que-

367 2689 438 2739 sti
474 2688 527 2736 di
563 2688 692 2737 versi
729 2688 1062 2754 empedoclei.
1088 2688 1116 2737 1
1141 2687 1273 2737 versi

373 2776 479 2810 non
504 2759 549 2807 ci
576 2774 702 2808 sono
730 2758 947 2819 rimasti;
986 2775 1069 2807 ma
1092 2758 1131 2807 il
1157 2774 1275 2807 con·

373 2837 553 2881 tenuto
595 2845 653 2879 ce
708 2846 773 2879 ne
823 2830 1046 2879 riferisce
1099 2830 1273 2889 Aezi0,

370 2902 437 2962 V,
466 2911 549 2962 27,
581 2915 635 2949 1:
666 2897 1027 2964 Ἐμπεδοκλῆς
1063 2896 1274 2964 τρέφεσ-

369 2970 468 3023 θαι
502 2967 599 3034 μὲν
635 2967 697 3020 τὰ
735 2970 847 3034 ζῷα
886 2968 971 3021 διὰ
1019 2966 1112 3036 τὴν
1147 2968 1272 3021 ὑπό-

367 3060 551 3094 στασιν
587 3046 678 3091 τοῦ
716 3040 895 3107 ὑγροῦ,
924 3038 1177 3101 αὔξεσθαι
1218 3037 1277 3092 δὲ

373 3111 461 3165 διὰ
500 3110 593 3179 τὴν
616 3111 909 3174 παρουσίαν
934 3116 1023 3162 τοῦ
1045 3109 1267 3176 θερμοῦ,

363 3182 654 3251 μειοῦσθαι
690 3180 750 3232 δὲ
792 3181 882 3233 καὶ
930 3181 1141 3247 φθίνειν
1191 3180 1276 3233 διὰ

374 3252 468 3322 τὴν
504 3254 744 3320 ἔκλειψιν
781 3251 1061 3317 ἑκατέρων.

415 3325 419 3330 ’
446 3326 623 3392 812-3.
665 3326 916 3375 Ciascuna
953 3342 1071 3374 cosa
1098 3326 1163 3373 ha
1190 3325 1277 3375 de-

373 3400 642 3469 terxninate
674 3398 884 3447 materie
910 3397 964 3445 di
993 3396 1275 3445 nutrimen·

371 3478 444 3520 to.
466 3472 511 3519 E
534 3485 652 3518 cosa
679 3467 763 3533 gia
788 3475 1023 3536 provata:
1050 3483 1127 3517 vv.
1156 3465 1277 3529 184·

385 3553 498 3602 191.
1128 3588 1134 3590 ,

448 3610 700 3673 814·816.
730 3612 1064 3661 Brevemente
1100 3624 1279 3658 accen-

370 3689 497 3732 nato
533 3683 588 3732 in
626 3699 671 3732 v,
723 3682 846 3745 196:
908 3701 933 3727 ι
994 3688 1058 3729 ut
1098 3681 1279 3747 potius

1383 1836 1563 1884 multis
1589 1835 1877 1884 communia
1897 1842 2113 1899 carpum
2137 1838 2285 1882 meins

1384 1907 1562 1955 Multa
1599 1913 1753 1970 putes
1787 1922 1904 1955 esse.
1943 1906 2041 1955 Ne!
2181 1914 2285 1966 *2⁵¹4

1384 1978 1548 2026 multa
1592 1977 1752 2024 modis
1797 1973 1824 2023 ὲ
1863 1978 2149 2026 οοιτειίιῑιεω
2201 1978 2285 2026 dul

1382 2047 1638 2096 Lambino
1677 2063 1769 2111 per
1806 2048 2135 2102 multimodis,
2193 2050 2285 2098 che

1384 2119 1474 2185 qui
1522 2134 1628 2168 non
1676 2133 1831 2168 aveva
1878 2118 2057 2182 luogo·¹
2125 2122 2285 2167 ,πω-ΑΜ

1374 2191 1669 2256 primordia
1735 2190 2021 2239 multarum
2109 2211 2281 2239 mrum

1383 2263 1548 2310 mixta
1580 2268 1707 2310 sunt
1729 2262 1905 2309 multis
1942 2263 2101 2311 moda}
2129 2271 2181 2311 ,ἐκ
2209 2279 2285 2311 mu

1383 2334 1493 2381 bus.
1755 2388 1769 2405 ἱ

1453 2402 1704 2465 817-819.
1743 2406 1788 2455 E
1840 2403 1876 2450 il
1928 2403 2161 2467 pensiero
2205 2403 2281 2451 rint

1382 2490 1461 2524 vv.
1502 2474 1718 2538 633-34,
1758 2471 1960 2536 677·78
2000 2490 2024 2523 e
2065 2475 2145 2523 det
2181 2491 2285 2523 *rt-21-

1382 2546 1425 2595 si
1468 2544 1715 2594 800·801.
1757 2544 1861 2594 Cfr.
1901 2551 2022 2592 nota
2057 2563 2085 2591 a
2125 2547 2241 2607 [ἐπ

1458 2615 1708 2679 820·823.
1749 2616 1813 2664 Se
1850 2615 1901 2663 la
1937 2624 2109 2664 natura
2145 2615 2285 2675 duffii

1384 2687 1542 2736 atomi
1582 2687 1609 2736 ὲ
1661 2687 1898 2743 identica‚
1956 2686 2005 2734 la
2057 2695 2281 2735 :zozimus-„2

1384 2758 1522 2808 delle
1559 2774 1674 2808 cose
1702 2754 1730 2806 ὲ·
1757 2757 1932 2812 unica;
1967 2772 1995 2805 e
2020 2758 2069 2803 la
2101 2755 2285 2803 variata

1382 2829 1706 2879 fenomenica
1751 2828 1974 2892 dipende
2022 2827 2153 2875 dalla
2213 2831 2285 2875 aih

1383 2916 1529 2950 versa
1550 2900 1711 2964 figura
1736 2916 1764 2949 e
1792 2899 1876 2947 dal
1902 2899 2101 2947 diversas.
2133 2899 2285 2947 ram-stt]

1383 2972 1437 3021 di
1475 2970 1830 3039 commistione
1869 2968 2007 3033 degli
2045 2971 2285 3019 elemcmi

1383 3042 1663 3092 formatori.
1704 3042 1749 3090 E
1785 3040 1834 3089 la
1872 3040 2029 3089 teoria
2061 3043 2285 3103 spiegzuu

1382 3114 1437 3162 in
1467 3116 1534 3175 II,
1567 3113 1820 3177 652-729.
1860 3111 1981 3159 Non
2017 3111 2149 3159 dulia
2181 3111 2285 3159 'soh

1384 3184 1562 3249 figura,
1603 3178 1789 3250 perche
1825 3180 1992 3247 (Epic.
2020 3199 2093 3247 pr.
2137 3183 2285 3243 itin}

1382 3255 1462 3314 L.,
1501 3254 1566 3314 X,
1592 3251 1688 3318 42)
1713 3250 1777 3303 οὗ
1803 3250 2022 3302 δυνατὸν
2049 3251 2285 3315 ffrsfm'sffl

1382 3321 1474 3380 τὰς
1511 3323 1761 3381 τοσαύτας
1799 3320 2057 3388 διαφορὰς
2093 3323 2149 3371 ἐκ
2185 3327 2289 3371 τῶν

1383 3392 1562 3446 αὐτῶν
1611 3394 1910 3461 σχημάτων.
1967 3395 2149 3444 L'idcu
2205 3411 2289 3443 cm

1385 3468 1439 3516 in
1475 3468 1789 3527 Democrit0‚
1830 3482 1974 3515 come
2011 3467 2185 3515 riaulta
2225 3467 2289 3511 da

1385 3538 1532 3587 molti
1569 3540 1719 3605 passi,
1759 3540 1822 3588 ad
1866 3553 1936 3587 es.
1986 3536 2045 3584 dn
2105 3543 2289 3599 quemn

1384 3608 1692 3660 frammento
1752 3609 1833 3660 sul
1887 3606 2053 3657 colore
2105 3607 2285 3667 (Eum...

1385 3680 1476 3730 ecl.
1505 3682 1672 3747 phys„
1708 3682 1750 3743 1,
1797 3677 1909 3744 17):
1954 3675 2293 3743 Δημνῖῑ-εψτῡς
