2917 4275
669 306 795 365 174

1338 303 1398 345 Τ.
1449 303 1717 347 LUCRETI
1763 303 1909 347 CAR1

659 406 728 492 in
774 430 1038 491 medium
1084 448 1351 491 summae
1398 431 1569 507 quod
1619 430 1827 491 dicunt
1871 428 2073 490 omnia
2116 428 2242 503 niti,

663 531 844 596 atque
888 519 1026 579 ideo
1064 518 1273 578 mundi
1319 529 1597 581 naturam
1644 530 1798 580 stare
1843 519 1973 579 sine
2018 519 2154 579 ullis

657 608 877 671 ictibus
922 608 1177 669 externis
1222 626 1422 686 neque
1466 627 1771 685 quoquam
1819 627 1994 685 posse
2039 606 2256 668 resolvi

2410 623 2573 685 1055

661 717 894 759 summa
938 707 1117 775 atque
1162 696 1298 772 ima,
1348 698 1515 773 quod
1565 696 1629 756 in
1673 696 1941 757 medium
1989 695 2106 756 sint
2149 693 2352 756 omnia
2396 694 2578 771 nixa;

653 785 883 866 (ipsum
930 785 979 846 si
1027 784 1342 863 quicquam
1392 805 1570 863 posse
1618 784 1681 846 in
1728 804 1791 845 se
1838 785 2043 845 sistere
2087 784 2306 864 credis)

659 887 727 937 et
769 895 922 953 quae
967 876 1238 954 pondera
1284 875 1400 935 sint
1446 877 1562 935 sub
1610 873 1780 936 terris
1827 873 2031 934 omnia
2073 892 2305 935 sursum

663 1159 873 1211 Socrate
900 1161 992 1209 che
1018 1159 1069 1208 la
1107 1166 1238 1209 terra
1262 1154 1291 1206 ὲ
1314 1158 1368 1206 di
1406 1156 1574 1205 forma

657 1230 861 1289 sferica,
912 1247 940 1280 e
983 1230 1076 1280 che
1126 1229 1159 1278 1’
1182 1228 1454 1294 equilibrio
1518 1227 1572 1276 di

668 1301 742 1351 tal
766 1301 931 1349 forma
957 1301 1008 1349 la
1032 1301 1170 1350 salva
1194 1299 1331 1350 dalle
1358 1300 1539 1350 cadute
1559 1317 1570 1348 :

663 1368 857 1437 ἵκανὴν
893 1368 1022 1420 εἶναι
1070 1366 1233 1436 αὐτὴν
1282 1368 1443 1435 ἴσχειν
1481 1372 1572 1434 τῆς

665 1447 762 1508 γῆς
798 1439 958 1507 αὐτῆς
1000 1437 1093 1507 τὴν
1130 1438 1449 1506 ἴσορῤοπιάν.
1488 1441 1571 1489 Da

666 1515 882 1564 Platone
939 1513 990 1562 la
1045 1514 1266 1562 dottrina
1316 1508 1467 1578 passo
1522 1512 1572 1560 ai

665 1585 992 1649 Peripatetici
1031 1602 1058 1634 e
1098 1585 1198 1648 agli
1239 1583 1413 1633 Stoici.
1465 1582 1571 1632 Cfr.

665 1656 728 1704 L.
752 1655 1033 1719 Oettinger,
1052 1657 1153 1704 Die
1177 1654 1572 1720 Vorstellungen

668 1728 760 1776 der
796 1727 929 1774 alter
961 1727 1207 1775 Grae'echen
1243 1727 1362 1774 und
1385 1727 1573 1775 Rc'oe‘mer

661 1799 793 1846 iiber
826 1798 905 1845 die
928 1799 1074 1846 Erde
1097 1797 1177 1846 als
1199 1795 1571 1846 Ht'mmelskc'ir·

666 1875 780 1932 per,
818 1868 1069 1932 Freiburg
1104 1868 1138 1918 i.
1177 1868 1234 1917 B.
1280 1866 1446 1932 185ος
1487 1867 1570 1916 W.

667 1939 923 1998 Schaefer,
950 1940 1330 2004 Entwicklung
1349 1940 1440 1988 der
1463 1941 1572 1986 An·

665 2010 859 2061 sichten
923 2013 1006 2059 des
1069 2011 1389 2060 Alterthums
1447 2011 1573 2058 iiber

673 2081 872 2130 Gestalt
904 2083 1020 2131 und
1059 2082 1240 2129 Gr‘o'sse
1277 2083 1367 2129 der
1411 2082 1571 2139 Erde,

672 2154 972 2217 Insterburg
1014 2152 1178 2209 1868;
1220 2153 1319 2202 Th.
1348 2152 1571 2218 Keppel‚

669 2225 771 2273 Die
812 2224 1093 2272 Ansichten
1132 2225 1223 2272 der
1258 2223 1398 2273 alten
1431 2224 1574 2273 Gric-

667 2294 795 2342 cken
832 2296 950 2342 und
977 2296 1164 2343 Rb'mer
1198 2310 1302 2342 von
1347 2296 1437 2343 der
1483 2294 1572 2343 Ge-

671 2364 809 2423 stalt,
853 2363 1034 2414 Gr‘o’sse
1070 2366 1188 2414 und
1215 2366 1283 2412 W
1282 2365 1581 2431 eltstellung

666 2436 765 2483 der
806 2436 967 2495 Erde,
1021 2435 1375 2497 Schweinfurt,
1421 2435 1573 2497 1884.

667 2508 809 2559 sono
838 2508 1063 2557 notevoli
1089 2506 1246 2556 infine
1283 2507 1300 2555 i
1338 2508 1575 2571 seguenti

671 2578 807 2643 passi
854 2578 907 2626 di
945 2578 1224 2628 Cicerone:
1274 2579 1349 2627 N.
1388 2580 1459 2627 D.
1505 2578 1572 2642 11,

668 2649 740 2712 46
792 2669 815 2694 ι
867 2651 939 2698 In
975 2652 1174 2699 aethere
1210 2657 1380 2699 autem
1426 2657 1575 2698 astra

662 2721 957 2771 volvuntur
994 2737 1126 2785 quae
1163 2736 1214 2769 se
1251 2727 1301 2768 et
1333 2722 1455 2769 nisu
1482 2737 1575 2769 suo

672 2791 968 2855 conglobata
1006 2792 1283 2848 continent,
1319 2798 1369 2840 et
1384 2791 1576 2855 forma

665 2861 1074 2926 ipsa-figuraque
1091 2878 1188 2910 sua
1215 2868 1467 2910 momenta
1491 2878 1577 2910 su-

673 2939 932 2981 stentant:
969 2939 1098 2982 sunt
1130 2934 1264 2981 enim
1289 2933 1519 2981 rotunda
1549 2951 1573 2975 ι

666 2999 818 3066 (nisu
855 3020 948 3052 suo
984 3017 1018 3047 x·
1056 3003 1108 3051 la
1135 3003 1272 3052 forza
1308 3002 1360 3051 di
1384 2999 1578 3067 gravit&

671 3088 819 3122 verso
879 3074 919 3122 il
972 3081 1145 3124 centro
1207 3090 1261 3134 »;
1324 3081 1577 3124 momenta

673 3150 970 3195 sustentant
1034 3165 1055 3188 c
1122 3147 1164 3196 si
1227 3150 1577 3208 mantengono

673 3214 731 3263 in
770 3214 1066 3279 equilibrio)
1096 3233 1153 3277 »3
1194 3216 1285 3265 cfr.
1324 3215 1486 3265 anche
1524 3216 1578 3265 in

677 3285 745 3345 11,
786 3297 887 3349 393
929 3297 1011 3350 45,
1058 3296 1170 3351 115.

754 3366 905 3420 1053.
944 3360 1002 3406 in
1040 3358 1260 3406 medium
1282 3393 1294 3408 .
1317 3393 1328 3407 .
1355 3395 1365 3407 .

672 3426 804 3477 niti:
841 3427 948 3477 Cfr.
987 3429 1060 3478 N.
1089 3429 1159 3479 D.
1198 3429 1267 3488 ΙΙ,
1307 3438 1373 3494 45
1418 3450 1444 3475 e
1475 3445 1580 3478 om—

673 3498 827 3548 nibus
863 3499 971 3550 eius
1005 3494 1228 3567 [terrae]
1260 3499 1318 3549 in
1357 3501 1580 3550 medium

664 3571 997 3635 vergentibus
1033 3569 1119 3636 (id
1147 3578 1315 3620 autem
1356 3572 1580 3621 medium

668 3638 910 3703 infimum
946 3644 1005 3691 in
1048 3642 1269 3707 sphaera
1306 3639 1404 3707 est)
1444 3662 1491 3693 ι.
1532 3642 1582 3694 ΙΙ

1405 3358 1579 3409 omnia

1683 1156 1871 1206 Munro
1922 1172 2057 1221 pone
2112 1157 2255 1221 quod
2303 1157 2502 1213 dicunt,
2553 1173 2585 1205 a

1684 1229 1784 1276 mo'
1824 1228 1873 1276 d’
1891 1226 2068 1288 inciso,
2110 1235 2185 1278 tra
2217 1227 2316 1277 due
2353 1226 2581 1291 virgole:

1683 1298 1737 1346 in
1775 1298 1845 1347 tal
1870 1313 1988 1347 caso
2030 1299 2202 1347 omnia
2226 1299 2329 1347 niti
2362 1293 2392 1346 ὲ
2427 1297 2581 1363 espli-

1683 1369 1848 1418 cativo
1884 1369 1938 1418 di
1977 1370 2125 1419 illud.
2164 1369 2209 1417 Il
2235 1369 2379 1433 quod
2403 1370 2588 1419 dicunt

1682 1440 1770 1506 poi
1806 1440 1846 1488 il
1879 1441 2065 1489 Munro
2093 1439 2318 1489 riferisce
2353 1453 2459 1488 non
2483 1439 2585 1488 alla

1683 1512 1792 1560 sola
1815 1510 1993 1577 pai-ola
2017 1512 2253 1569 medium,
2287 1527 2373 1559 ma
2397 1527 2428 1560 a
2453 1516 2586 1560 tutta

1682 1583 1847 1632 intera
1902 1582 1951 1630 la
2001 1581 2354 1647 proposizione
2405 1602 2476 1623 ===
2529 1581 2592 1631 id

1682 1654 1825 1717 quod
1856 1655 2050 1702 dicunt.

1759 1732 1911 1788 1054.
1950 1726 2061 1773 sine
2085 1724 2208 1772 ullis
2233 1724 2445 1772 ictibus:
2472 1719 2585 1772 cioe

1683 1811 1831 1844 senza
1868 1794 1978 1854 che,
2006 1811 2096 1859 per
2131 1794 2382 1859 ispiegare
2419 1792 2470 1843 la
2507 1810 2585 1845 re-

1682 1867 1902 1916 sistenza
1939 1866 2024 1915 del
2061 1866 2264 1924 mond0‚
2306 1865 2356 1913 vi
2399 1865 2474 1914 sia
2509 1865 2587 1914 bi·

1682 1952 1846 2000 sogno
1918 1937 1971 1985 di
2032 1937 2274 1985 ricorrere
2332 1936 2432 1999 agl'
2456 1937 2588 1986 ictus

1680 2007 1822 2072 degli
1840 2008 1998 2057 atomi
2021 2008 2224 2059 esterni.
2241 2006 2345 2056 Cfr.
2368 2023 2413 2060 v.
2435 2020 2585 2070 1004.

1759 2087 1909 2144 1055.
1969 2094 2264 2144 quoquam:
2319 2075 2495 2143 percio
2549 2078 2588 2126 il

1683 2152 1874 2199 mondo
1930 2166 2035 2200 non
2091 2146 2196 2215 pub
2249 2149 2587 2214 disciogliersi

1682 2223 1748 2271 da
1784 2237 1978 2273 veruna
2013 2228 2172 2287 parte.
2210 2222 2257 2270 Il
2292 2229 2446 2286 poeta
2483 2236 2590 2271 non

1682 2299 1867 2359 poteva
1917 2293 2025 2342 dire
2074 2312 2098 2335 ε
2140 2292 2341 2341 disfarsi
2384 2293 2440 2342 in
2481 2298 2590 2341 ato·

1683 2364 1755 2412 mi
1780 2383 1822 2423 ι,
1844 2360 2029 2430 perche
2056 2371 2234 2429 queste
2261 2362 2435 2427 parole
2460 2377 2590 2412 sono

1684 2451 1847 2485 messe
1884 2435 1938 2484 in
1974 2436 2134 2483 bocca
2160 2451 2188 2482 a
2226 2434 2498 2499 partigiani
2534 2434 2589 2483 di

1683 2506 1858 2556 scuole
1916 2506 2009 2556 che
2058 2521 2165 2554 non
2214 2513 2589 2556 ammettevano

1684 2577 1759 2640 gli
1795 2576 1969 2628 atomi.

1761 2649 1912 2712 1056.
1954 2648 2126 2712 quod:
2167 2648 2278 2697 ideo
2313 2646 2589 2714 (1054)...

1685 2720 1837 2783 quod.

1763 2799 1916 2854 1057.
1988 2789 2162 2839 Inciso
2238 2789 2450 2839 ironico,
2524 2789 2595 2839 Al

1688 2867 1842 2926 poeta
1879 2877 2000 2927 pare
2045 2861 2255 2910 assurdo
2299 2860 2393 2910 che
2432 2860 2472 2909 il
2507 2876 2592 2910 so-

1686 2938 1869 2996 stegno
1926 2932 1979 2981 di
2035 2947 2139 2981 una
2192 2947 2308 2982 cosa
2363 2946 2469 2981 non
2517 2931 2594 2981 sia

1666 3003 1824 3052 'fuori
1863 3003 2000 3053 della
2035 3018 2156 3052 cosa
2192 3011 2366 3052 stessa.
2405 3004 2593 3054 Invece

1690 3074 1732 3123 si
1781 3075 2006 3125 riteneva
2040 3074 2092 3123 la
2140 3073 2272 3125 sfera
2321 3090 2494 3124 avesse
2537 3074 2596 3123 in

1689 3141 1747 3195 εὲ
1783 3145 1834 3195 la
1870 3161 1963 3195 sua
1999 3144 2136 3194 forza
2170 3146 2221 3194 di
2263 3144 2555 3210 equilibrio.

1768 3216 1918 3281 1058.
1975 3219 2068 3267 sub
2117 3217 2308 3265 terris.-
2357 3223 2493 3265 sotto
2542 3214 2596 3265 la

1691 3293 1838 3349 terra,
1866 3283 1978 3337 cioe
2002 3287 2121 3336 dau·
2137 3288 2265 3337 altra
2289 3292 2433 3352 parte
2454 3286 2597 3337 della

1690 3365 1836 3422 terra,
1894 3358 1943 3407 ai
1998 3358 2159 3408 nostri
2213 3357 2461 3423 antipodi.
2523 3382 2596 3395 —-

1689 3446 1900 3478 sursum
1938 3430 2097 3478 nitier
2120 3447 2136 3478 :
2181 3445 2235 3478 se
2273 3429 2370 3479 essi
2410 3437 2599 3479 stanno

1692 3506 1827 3550 sotto
1878 3500 1931 3548 di
1985 3500 2088 3559 noi,
2138 3516 2168 3550 e
2224 3515 2350 3549 sono
2403 3500 2599 3550 attratti

1693 3586 1839 3621 verso
1878 3571 1919 3621 il
1962 3577 2150 3630 centr0,
2189 3569 2311 3619 vuol
2356 3569 2466 3622 dire
2501 3572 2604 3622 che

1694 3658 1824 3692 sono
1860 3642 2051 3693 attratti
2087 3657 2232 3693 verso
2267 3640 2302 3689 1·
2317 3642 2440 3694 alto.
