2917 4275
995 280 1080 322 DE
1125 278 1343 324 RERUM
1390 278 1675 326 NATURA.

2158 279 2280 341 135

368 405 530 465 unde
577 403 676 465 hic
719 404 992 484 cognitus
1038 415 1127 466 est
1170 403 1282 482 ipsi
1329 424 1509 481 quem
1556 402 1825 464 nominat
1869 401 2102 481 ignem:
2153 408 2276 484 695

368 493 559 555 credit
603 492 763 553 enim
811 513 1017 553 sensus
1062 493 1260 571 ignem
1307 512 1667 572 cognoscere
1715 511 1870 564 vere,

368 593 567 644 cetera
610 602 733 641 non
778 582 985 655 credit,
1035 601 1189 658 quae
1238 580 1361 642 nilo
1407 583 1566 642 clara
1611 580 1808 640 minus
1851 591 2009 640 sunt.

369 671 534 748 quod
580 669 729 730 mihi
767 691 905 732 cum
950 690 1171 730 vanum
1216 681 1344 730 tum
1390 669 1646 729 delirum
1692 689 1820 729 esse
1864 668 2140 730 videtur:

368 779 489 836 quo
522 762 843 820 referemus
888 759 1101 819 enim?
1171 758 1317 835 quid
1364 757 1540 820 nobis
1585 757 1801 819 certius
1847 756 1988 835 ipsis
2084 751 2088 756 ’

368 847 639 908 sensibus
683 867 811 908 esse
857 859 1071 925 potest,
1121 846 1224 925 qui
1260 865 1402 908 vera
1445 867 1518 908 ac
1563 848 1708 907 falsa
1754 849 2065 907 notemus?
2146 866 2268 923 700

369 947 673 1014 praeterea
717 955 899 1014 quare
944 935 1257 1014 quisquam
1304 935 1491 1013 magis
1538 934 1740 995 omnia
1788 937 1958 997 tollat

370 1035 432 1084 et
477 1025 621 1085 velit
664 1023 889 1084 ardoris
936 1035 1207 1086 naturam
1253 1023 1525 1100 linquere
1571 1027 1777 1098 solam,

369 1131 548 1190 quam
596 1123 775 1191 neget
818 1109 947 1173 esse
992 1111 1164 1192 ignis,
1214 1112 1451 1191 quidvis
1497 1123 1698 1172 tamen
1744 1132 1872 1173 esse
1916 1112 2258 1189 relinquat?

370 1221 565 1278 aequa
608 1201 840 1262 videtur
886 1201 1047 1262 enim
1093 1201 1396 1262 dementia
1436 1199 1637 1262 dicere
1685 1211 2021 1278 utrumque.

362 1409 611 1478 ἕπιβολὴν
646 1410 1039 1478 λαμβανόμενον
1062 1417 1127 1478 τῇ
1155 1411 1264 1464 δια-

346 1481 480 1548 ,νοίᾳ
516 1480 710 1548 ἀληθές
734 1481 885 1533 ἔστιν.
925 1485 1151 1534 Eraclito
1188 1485 1265 1534 in-

365 1571 489 1606 vece
524 1556 699 1605 diceva
748 1555 907 1604 infido
944 1555 982 1603 il
1030 1571 1195 1615 sens-³0,
1237 1573 1267 1606 e

366 1627 411 1676 si
447 1625 662 1675 affidava
698 1626 748 1675 al
785 1624 933 1689 λόγος
970 1643 1061 1691 per
1096 1627 1146 1675 la
1184 1642 1267 1676 eo-

368 1712 619 1746 noscenza
654 1697 789 1746 della
828 1694 1001 1755 verite,
1037 1712 1182 1747 come
1220 1697 1267 1746 ci

367 1767 593 1818 riferisce
642 1768 787 1817 Sesto
836 1767 1113 1840 EmpiricO,
1149 1769 1267 1817 adv.

369 1839 526 1891 math.
565 1839 679 1898 VII,
725 1838 839 1888 126.

441 1909 561 1974 697.
600 1915 764 1958 cetera
802 1925 908 1957 non
945 1910 1108 1959 credit
1124 1925 1141 1957 .·
1177 1925 1268 1958 an-

369 1980 465 2030 che
504 1987 681 2045 questa
718 1981 920 2030 sembra
956 1996 1059 2029 una
1089 1979 1267 2029 confu-

367 2051 565 2101 tazione
590 2050 726 2099 della
753 2051 923 2110 teoria,
953 2057 1103 2099 tratta
1133 2051 1270 2100 dalla

366 2121 591 2173 dottrina
620 2128 779 2172 stessa
815 2121 867 2171 di
904 2121 1143 2173 Eraclito.
1182 2123 1267 2172 In—

367 2193 485 2243 fatti
546 2193 771 2242 Eraclito
842 2194 1116 2256 insegnava
1175 2193 1270 2243 che

370 2264 493 2329 quel
546 2264 641 2313 che
698 2281 888 2329 appare
950 2264 1186 2314 evidente
1240 2281 1270 2311 a

368 2334 503 2394 tutti,
544 2334 717 2398 quello
763 2331 792 2382 ὲ
839 2334 876 2383 il
924 2350 1059 2394 vem,
1098 2351 1127 2385 e
1177 2334 1270 2384 che

369 2420 476 2453 non
514 2400 542 2451 ὲ
569 2404 747 2453 invece
769 2405 834 2453 da
861 2404 1031 2454 fidarsi
1069 2406 1121 2454 di
1148 2405 1271 2470 quel

370 2475 465 2524 che
502 2490 689 2540 appare
737 2476 847 2524 solo
896 2492 927 2524 a
976 2476 1266 2541 qualcuno:

370 2544 533 2602 Sest0,
582 2546 699 2595 adv.
754 2546 909 2595 math.
960 2546 1076 2609 VII,
1136 2559 1267 2609 131:

370 2611 430 2663 τὸ
464 2611 562 2677 μὲν
597 2620 751 2680 κοινῇ
781 2620 908 2665 πᾶσι
934 2614 1269 2680 φαινόμενον,

372 2682 511 2735 τοῦτ’
554 2681 681 2735 εἶναι
726 2686 908 2736 πιστόν
959 2692 1054 2751 (τῷ
1102 2691 1270 2751 κοινῷ

371 2752 471 2821 γὰρ
510 2753 601 2805 καὶ
648 2754 782 2821 θείῳ
830 2754 969 2822 λόγῳ
1014 2755 1270 2823 λαμβάνε-

368 2827 489 2891 ται),
528 2824 584 2876 τὸ
622 2824 681 2877 δέ
712 2845 809 2877 τινι
842 2826 991 2892 μόνῳ
1016 2834 1272 2891 προσπῖπ-

368 2915 458 2948 τον
494 2895 708 2948 ἄπιστον
751 2896 1005 2963 ὑπάρχειν
1055 2896 1141 2949 διὰ
1179 2896 1273 2963 τὴν

367 2966 603 3019 ἕναντιάν
646 2967 825 3021 αἰτίαν.
876 2970 992 3031 Ora,
1041 2988 1133 3037 par
1175 2971 1270 3021 che

368 3040 484 3090 dica
535 3042 797 3104 Luci-aio,
852 3038 879 3089 ὲ
940 3057 1041 3091 una
1095 3042 1272 3106 cogni-

368 3112 514 3160 zione
576 3111 810 3162 evidente
872 3128 900 3161 e
962 3126 1183 3162 comune
1243 3129 1273 3161 a

369 3182 487 3233 tutti
508 3180 574 3230 ‘la
603 3180 760 3232 realth
797 3198 826 3231 e
864 3182 914 3231 la
939 3189 1118 3231 natura
1155 3200 1270 3248 spe-

368 3253 513 3303 cifica
562 3254 614 3301 di
670 3254 908 3302 ciascuna
963 3252 1098 3302 delle
1155 3269 1273 3304 cose

368 3324 462 3373 che
499 3324 751 3373 vediamO.

443 3393 563 3456 699.
604 3412 703 3458 quo
736 3394 1020 3455 reseremus
1054 3395 1233 3453 enim)
1254 3409 1272 3441 .·

372 3464 427 3512 in
473 3480 623 3515 senso
674 3463 950 3514 riflessivo:
1000 3480 1093 3529 per
1130 3464 1167 3512 il
1204 3464 1271 3513 si·
1310 3486 1317 3493 ·

371 3534 497 3597 gnis.
552 3552 580 3585 e
630 3552 723 3601 per
766 3536 914 3585 l'uso
960 3550 1007 3585 ν.
1057 3536 1106 3583 la
1152 3542 1273 3585 nota

372 3604 425 3653 al
459 3618 582 3667 424.

1447 1423 1568 1476 700.
1608 1415 1701 1477 qui
1734 1446 1802 1454 —
1837 1429 1937 1477 quo
1989 1412 2185 1463 riferito
2235 1413 2284 1462 al

1375 1485 1519 1548 quid.
1571 1483 1754 1534 L'abl.
1804 1485 1900 1547 qui
1946 1500 2037 1550 per
2089 1501 2190 1548 quo
2242 1484 2286 1533 si

1380 1555 1567 1604 ritrova
1621 1555 1669 1603 al
1731 1556 1918 1606 masch.
1983 1556 2038 1604 in
2100 1555 2285 1604 Plauto

1378 1627 1529 1675 Asin.
1559 1635 1698 1689 397;
1736 1626 1923 1674 Bacch.
1951 1634 2050 1690 335
2085 1641 2097 1684 ς
2139 1626 2285 1690 Capt.

1382 1694 1464 1754 28,
1508 1709 1599 1745 101
1627 1714 1642 1756 ;-
1678 1697 1823 1746 Men.
1853 1710 1948 1760 391
1979 1715 1990 1758 ;
2030 1696 2079 1745 al
2104 1704 2287 1746 neutro

1380 1767 1434 1815 in
1490 1767 1674 1816 Plauto
1736 1769 1857 1817 Aul.
1918 1780 2056 1830 3773
2124 1767 2286 1818 Merc.

1378 1835 1484 1898 488
1511 1854 1613 1888 ecc.
1640 1855 1651 1899 ;
1703 1838 1858 1888 Varr.
1887 1839 1949 1888 L.
1989 1840 2049 1888 L.
2079 1849 2128 1903 5,
2161 1837 2286 1908 1363

1378 1909 1445 1956 R.
1472 1909 1535 1958 R.
1577 1921 1607 1958 2
1645 1925 1722 1974 pr.
1761 1921 1826 1971 3;
1867 1926 1895 1958 e
1919 1909 2082 1974 perfin
2109 1925 2285 1976 presso

1380 1977 1487 2027 Cic.
1512 1977 1647 2042 (Att.
1679 1993 1756 2037 11,
1792 1993 1869 2040 11,
1901 1995 1958 2040 2;
1995 1994 2073 2045 13,
2109 1981 2282 2042 ¹3,3).

1452 2059 1706 2112 701-704.
1735 2049 1865 2101 Dice
1891 2051 2167 2101 Lucrezio:
2201 2066 2290 2098 ne-

1378 2121 1550 2183 gando
1602 2120 1717 2172 fede
1769 2121 1818 2171 al
1873 2137 2040 2187 sens0,
2089 2121 2131 2171 si
2183 2117 2288 2189 pub

1378 2206 1478 2240 con
1515 2192 1624 2257 pari
1681 2192 1856 2242 diritto
1891 2195 2000 2243 dire
2049 2194 2141 2243 che
2179 2192 2289 2241 solo

1379 2262 1417 2310 il
1456 2262 1608 2312 fuoco
1639 2264 1804 2323 esiste‚
1835 2273 2026 2329 quanto
2061 2265 2168 2313 dire
2195 2264 2306 2322 che,

1379 2339 1511 2383 tutte
1561 2334 1611 2383 le
1661 2334 1787 2385 altre
1829 2351 1945 2386 cose
1996 2336 2222 2385 esistono
2260 2349 2289 2384 e

1379 2404 1491 2453 solo
1528 2404 1566 2452 il
1604 2405 1756 2454 fuoco
1781 2421 1886 2455 non
1913 2406 2082 2456 esiste.
2123 2408 2169 2454 A
2205 2405 2288 2455 chi

1378 2476 1667 2525 affermasse
1693 2485 1890 2541 questo,
1916 2477 2142 2526 Eraclito
2183 2470 2290 2525 non

1378 2546 1630 2610 potrebbe
1682 2548 1978 2611 rispondere
2023 2547 2288 2611 appellan-

1378 2615 1492 2665 dosi
1511 2617 1612 2665 alla
1635 2618 2020 2667 testimonianze.
2037 2618 2120 2667 dei
2142 2616 2290 2666 sensi.

1454 2698 1576 2749 701.
1602 2690 1774 2736 omnia
1802 2708 1872 2727 =
1908 2697 2071 2737 cetera
2097 2688 2288 2737 omnia.

1455 2771 1574 2821 703.
1619 2760 1824 2821 quidvis
1850 2766 2020 2807 tamen
2040 2775 2058 2808 .-
2094 2758 2179 2808 nei
2206 2773 2290 2806 co-

1381 2828 1488 2877 dici
1525 2824 1554 2877 ὲ
1590 2827 1629 2876 il
1666 2828 1778 2877 solo
1816 2837 2000 2878 tamen.
2040 2830 2065 2877 I
2105 2836 2290 2879 corret-

1382 2899 1482 2948 tori
1539 2898 1626 2949 del
1682 2900 2042 2949 rinascimento
2090 2899 2288 2965 suppli·

1384 2986 1510 3019 tono
1563 2986 1815 3018 summam
1834 2988 1858 3028 ,·
1906 2971 1944 3018 il
1991 2970 2291 3019 Lachmann

1383 3042 1591 3104 quidvis
1614 3058 1638 3098 ,·
1674 3040 1776 3090 cosi
1815 3041 2051 3104 Bernays,
2087 3042 2288 3101 Munro,

1383 3110 1641 3172 Giussani,
1670 3110 1882 3175 Bailey3
1923 3112 1962 3160 il
1985 3112 2290 3162 Bockemul·

1382 3181 1457 3230 ler
1495 3182 1588 3231 illa
1625 3189 1866 3231 attamen.
1915 3184 2146 3233 Intesero
2185 3184 2289 3232 evi·

1381 3252 1711 3302 dentemente
1763 3253 1816 3301 in
1867 3253 1996 3302 altro
2047 3254 2200 3302 modo
2249 3253 2288 3301 il

1381 3322 1670 3386 significato
1720 3322 1806 3371 del
1861 3341 2010 3389 passo
2059 3324 2098 3373 il
2144 3324 2291 3372 win-

1379 3393 1658 3442 ckelmann
1695 3396 1789 3443 che
1827 3394 1998 3466 suppli
2033 3396 2169 3459 ignis
2208 3402 2287 3443 ta·

1381 3481 1498 3513 men
1540 3480 1567 3513 e
1606 3464 1642 3511 il
1699 3464 1838 3512 Roos
1881 3467 2047 3529 ignem
2099 3472 2308 3515 tamen.-

1379 3534 1745 3585 Inaccettabile
1766 3531 1795 3583 ὲ
1817 3534 2023 3583 l'eadem
2042 3533 2127 3584 del
2149 3536 2287 3583 Nen-

1380 3605 1484 3655 cini
1519 3604 1660 3670 (Riv.
1687 3606 1842 3655 Filol.
1877 3604 2025 3666 1896,
2061 3621 2113 3669 p.
2143 3609 2295 3670 304).
