2917 4275
570 371 573 380 .
667 321 744 394 58
1327 333 1387 378 T.
1435 332 1701 376 Lucium
1748 332 1915 378 cmo

661 468 790 518 tuto
833 476 929 518 res
972 468 1204 518 teneras
1250 460 1416 519 effert
1454 458 1519 520 in
1564 459 1802 520 luminis
1849 460 2028 520 oras?

662 547 827 623 quod
872 546 921 606 si
966 547 1044 607 de
1089 547 1214 610 nilo
1258 550 1487 623 fierent,
1538 548 1736 610 subito
1782 558 2170 610 exorerentur.
2445 568 2468 607 1
2485 552 2566 609 80

661 635 889 697 incerto
934 618 1126 714 spsstio
1170 646 1349 714 atque
1392 637 1602 698 alienis
1644 638 1912 716 partibus
1955 637 2138 713 anni3

663 724 886 803 quippe
932 724 1036 802 ubi
1080 726 1244 786 nulla
1275 728 1471 787 forent
1515 726 1856 805 primordia,
1907 746 2059 805 quae
2106 725 2348 805 genitali

616 861 621 870 .
663 814 918 875 concilio
962 825 1206 892 possent
1248 815 1434 897 areeri
1479 826 1747 894 tempore
1792 815 2018 902 iniquo.

661 922 774 964 nec
817 923 994 981 porro
1040 903 1329 981 augendis
1374 907 1554 976 rebus
1597 905 1789 992 spatio
1834 908 1986 966 foret
2031 924 2186 979 usuS,

661 990 902 1054 seminis
946 993 1024 1052 ad
1070 992 1312 1066 coitum,
1364 992 1414 1053 si
1455 1013 1491 1053 e
1537 993 1659 1054 nilo
1706 993 1969 1056 erescere
2014 997 2300 1074 possent3
2448 995 2562 1072 185

663 1102 802 1142 nam
848 1084 1059 1142 fierent
1097 1081 1349 1144 iuvenes
1396 1081 1596 1144 subito
1625 1083 1716 1143 ‘ex
1754 1084 2047 1145 infantibu
2069 1085 2082 1110 ‘
2127 1083 2338 1163 parvis,

665 1417 801 1451 nere.
831 1399 889 1451 L'
908 1402 1024 1452 idea
1048 1397 1077 1449 ὲ
1103 1402 1230 1452 tolta
1255 1409 1566 1452 certamente

669 1473 753 1522 dai
791 1474 921 1538 parti
960 1473 1185 1522 animali.

742 1553 856 1608 179.
916 1550 1060 1592 tuto:
1116 1559 1264 1594 senza
1320 1545 1565 1611 pericolo,

667 1612 853 1680 perche
893 1616 945 1664 la
980 1616 1215 1680 stagione
1253 1613 1281 1666 ὲ
1318 1617 1563 1682 propitia.

668 1712 735 1721 —
771 1687 829 1734 in
866 1686 1076 1735 luminis
1111 1702 1265 1736 oras:
1303 1705 1349 1739 v.
1387 1705 1465 1737 vv.
1500 1699 1567 1737 22

671 1774 702 1807 e
744 1767 860 1819 170.

744 1826 857 1877 180.
909 1827 1106 1877 subito.-
1164 1845 1193 1878 e
1248 1827 1360 1880 cioe
1418 1846 1569 1879 senza

669 1916 875 1965 passare
927 1907 1202 1951 attraverso
1252 1918 1354 1951 una
1402 1902 1569 1967 prima

668 1972 777 2021 fase
814 1972 866 2021 di
904 1972 1007 2022 vita
1045 1973 1253 2033 latente,
1292 1991 1335 2022 v.
1376 1982 1500 2023 nota
1540 1989 1570 2021 a

677 2052 792 2105 177.
830 2044 986 2093 Tutta
1018 2053 1193 2109 questa
1229 2045 1361 2103 idea,
1389 2044 1485 2094 che
1521 2046 1569 2093 ci

668 2115 868 2165 sembra
895 2112 1002 2165 cosi
1028 2116 1214 2179 chiara,
1245 2132 1352 2166 non
1381 2113 1410 2165 ὲ
1439 2122 1570 2166 stata

672 2201 937 2250 compresa
975 2187 1059 2237 dai
1098 2188 1504 2238 commentatori.

752 2256 867 2308 181.
904 2258 1095 2306 incerto
1130 2259 1294 2322 spatio
1314 2275 1331 2306 .·
1376 2260 1569 2309 ritorna

675 2329 763 2395 qui
825 2344 916 2393 per
978 2329 1029 2380 le
1081 2330 1257 2395 piante
1319 2331 1402 2380 all'
1424 2347 1571 2395 argo·

674 2407 848 2449 mento
899 2399 995 2450 che
1043 2401 1113 2450 ha
1165 2399 1253 2465 gi'a
1299 2410 1444 2452 usato
1482 2417 1573 2467 per

673 2472 747 2535 gli
788 2471 999 2521 animali
1037 2472 1123 2521 nel
1159 2489 1205 2520 v.
1250 2473 1364 2534 164.
1416 2474 1483 2524 Se
1524 2472 1573 2522 le

678 2542 854 2607 piante
911 2552 1169 2608 potessero
1227 2561 1437 2595 nascere
1492 2543 1576 2592 dal

677 2613 832 2675 nulla,
862 2629 967 2664 non
1004 2616 1372 2665 nascerebbero
1398 2617 1451 2665 in
1487 2617 1574 2664 de-

678 2686 934 2735 terminati
995 2687 1174 2751 luoghi
1236 2684 1289 2751 (e
1350 2684 1465 2736 cioe
1525 2684 1575 2735 Ῑὲ

674 2757 804 2806 dove
842 2773 969 2807 sono
1007 2757 1025 2807 i
1061 2756 1230 2820 semi),
1258 2776 1343 2808 ma
1381 2759 1435 2807 in
1461 2758 1573 2807 luo·

673 2826 763 2891 ghi
801 2828 996 2888 incerti,
1023 2844 1051 2878 e
1090 2825 1202 2878 cioe
1237 2829 1574 2896 capricciosa·

674 2906 861 2959 mente,
899 2917 956 2949 or
993 2916 1093 2965 qua
1130 2916 1188 2950 or
1223 2899 1290 2951 la.

751 2968 864 3019 182.
926 2972 1110 3034 quippe
1163 2973 1254 3020 ubi
1299 2971 1447 3020 nulla
1492 2972 1576 3036 so-

674 3047 828 3089 rent:
868 3041 1122 3109 ‹0poiche
1173 3043 1335 3093 allora
1382 3060 1488 3093 non
1528 3044 1577 3093 vi

676 3113 946 3163 sarebbero
990 3131 1036 3162 ι.
1064 3141 1128 3148 -
1161 3115 1383 3178 genitali
1415 3115 1576 3163 conci-

679 3182 782 3231 lio:
819 3184 870 3234 la
906 3186 1242 3250 generazione
1285 3185 1421 3236 delle
1458 3202 1579 3236 cose

678 3255 889 3305 avviene
935 3273 1026 3321 per
1079 3256 1361 3315 concilium,
1402 3273 1578 3322 aggre-

677 3335 919 3391 gamento
958 3327 1009 3376 di
1048 3329 1221 3378 atomi.

757 3394 873 3462 183.
913 3404 1130 3461 tempore
1161 3399 1335 3463 iniquo
1356 3415 1373 3447 .·
1407 3416 1514 3449 non
1552 3397 1580 3448 ὲ

679 3469 781 3518 abl.
839 3470 889 3518 di
938 3477 1127 3535 tempo,
1183 3488 1270 3520 ma
1324 3471 1379 3521 di
1428 3487 1581 3520 causa

680 3540 936 3591 efficiente
994 3541 1080 3592 del
1139 3543 1341 3608 passivo
1396 3542 1580 3591 arceri.

680 3613 802 3662 Non
839 3613 889 3663 vi
926 3614 1199 3664 sarebbero
1234 3614 1376 3673 semi,
1410 3615 1493 3664 cui
1531 3614 1583 3663 la

679 3684 914 3749 stagione
950 3700 1056 3736 non
1103 3686 1333 3752 propitia
1377 3693 1579 3752 potesse

1673 1401 1922 1468 impedire
1953 1401 1985 1450 1·
2002 1408 2399 1467 aggregamento
2418 1418 2569 1468 gene-

1672 1474 1850 1524 rativo.
1887 1473 1934 1523 11
1958 1474 2250 1538 significato
2277 1474 2330 1523 di
2356 1478 2573 1537 tempore

1673 1543 1850 1609 iniquo
1887 1541 1916 1593 ὲ
1954 1545 2158 1610 dunque
2195 1545 2305 1609 pari
2343 1562 2373 1594 a
2398 1546 2571 1611 quello

1676 1618 1727 1666 di
1765 1616 1946 1665 alienis
1977 1616 2216 1678 partibus
2246 1617 2389 1665 anni.

1752 1686 1869 1747 184.
1892 1688 2055 1750 spatio
2072 1687 2216 1752 foret
2236 1703 2390 1737 usus.-
2413 1688 2574 1750 spatio

1676 1756 1705 1808 ὲ
1732 1759 1819 1824 qui
1856 1775 1946 1823 per
1983 1766 2156 1823 tempo
2181 1754 2364 1822 (spatio
2389 1764 2571 1822 tempo-

1676 1828 1790 1895 ris),
1819 1845 1967 1879 come
1992 1830 2168 1880 risulta
2193 1830 2278 1879 dal
2304 1830 2466 1878 subito
2490 1829 2574 1879 del

1676 1918 1722 1950 v.
1755 1900 1868 1950 186.
1901 1926 1964 1935 —
1994 1916 2119 1949 usus
2142 1898 2172 1951 ὲ
2198 1902 2284 1965 qui
2325 1918 2415 1967 per
2445 1921 2468 1946 e
2498 1902 2576 1951 bi-

1675 1989 1853 2037 sogn0‚
1898 1970 2149 2022 necessit&
2189 1990 2232 2034 ι,
2282 1973 2573 2037 significato

1677 2045 1772 2095 che
1807 2043 1875 2091 ha
1901 2044 2065 2093 anche
2101 2043 2238 2093 nella
2264 2060 2416 2108 prosa
2449 2045 2574 2094 clas·

1676 2117 1819 2167 sica:
1859 2114 1969 2165 Liv.
2002 2114 2194 2176 XXVI,
2219 2126 2307 2179 43,
2335 2124 2361 2177 7
2394 2134 2417 2160 α
2450 2130 2579 2180 quae

1677 2187 1794 2237 belli
1826 2202 1950 2235 usus
1987 2193 2221 2250 poscunt,
2261 2188 2574 2250 suppediten-

1679 2266 1769 2308 tur
1806 2271 1862 2316 »ς
1901 2259 1970 2309 id.
2003 2259 2092 2320 VI,
2133 2267 2217 2322 25,
2257 2274 2288 2322 9
2332 2277 2357 2302 ε
2400 2260 2577 2322 volgus

1678 2329 1951 2379 mulierum
1988 2328 2087 2381 huc
2118 2336 2269 2394 atque
2305 2329 2431 2378 illuc
2456 2346 2580 2379 cun-

1680 2402 1824 2461 tium,
1863 2417 1966 2466 qua
2003 2416 2254 2464 quamque
2281 2417 2491 2449 suorum
2519 2417 2578 2449 u·

1679 2488 1830 2522 suum
1857 2488 2036 2521 causae
2056 2469 2276 2533 ferrent
2298 2489 2340 2520 ι.
2391 2471 2523 2522 Usus
2548 2470 2577 2521 ὲ

1680 2543 1769 2609 poi
1808 2544 2086 2608 adoperato
2112 2544 2200 2608 qui
2230 2545 2577 2594 verbalmente

1681 2631 1778 2664 con
1835 2615 1867 2663 1·
1884 2614 2121 2677 ablativo,
2163 2615 2201 2663 il
2256 2615 2350 2664 che
2395 2612 2430 2664 ὲ
2479 2615 2578 2664 fre-

1682 2693 1868 2751 quente
1924 2702 2098 2750 presso
2157 2687 2374 2736 Plauto:
2431 2686 2577 2735 Pers.
2611 2730 2632 2751 ,

1684 2759 1751 2816 11,
1792 2766 1839 2821 5,
1880 2767 1947 2821 27
1989 2776 2012 2801 e
2056 2757 2130 2804 ad
2158 2772 2265 2805 cam
2311 2772 2420 2805 rem
2456 2773 2581 2807 usus

1683 2834 1756 2878 est
1790 2835 1881 2877 tua
1917 2828 2046 2876 milu·
2076 2835 2232 2891 opera
2268 2841 2330 2896 ,ις
2377 2828 2500 2882 Cist.
2537 2828 2579 2887 1,

1686 2913 1732 2959 2,
1778 2913 1877 2961 103
1923 2898 2108 2948 Pseud.
2157 2901 2196 2958 1,
2251 2914 2293 2960 1,
2332 2898 2417 2960 48,
2463 2916 2492 2950 e
2537 2900 2581 2949 si

1684 2973 1871 3021 ritrova
1909 2970 2070 3020 anche
2104 2987 2276 3035 presso
2304 2971 2419 3020 altri
2443 2971 2582 3021 scrit-

1684 3043 1809 3093 tori:
1864 3043 1978 3092 Liv.
2027 3040 2194 3101 XXX,
2232 3055 2318 3105 41,
2358 3039 2389 3090 8
2433 3060 2456 3085 e
2502 3057 2582 3091 re·

1685 3115 1892 3163 duceret
1937 3128 2093 3162 naves
2150 3114 2333 3177 quibus
2386 3113 2586 3163 consuli

1686 3201 1811 3235 usus
1848 3201 1952 3234 non
1991 3192 2116 3234 esset
2156 3199 2216 3244 »ς
2258 3188 2412 3248 Verg.
2455 3188 2582 3234 Aen.

1686 3257 1831 3316 Vm,
1864 3270 1963 3319 441
1999 3276 2024 3301 ε
2066 3273 2207 3306 nunc
2229 3257 2428 3306 viribus
2460 3271 2585 3305 usus

1686 3328 1848 3377 Nunc
1901 3329 2136 3378 manibus
2184 3328 2396 3391 rapidis,
2445 3327 2589 3376 omni

1688 3415 1828 3448 nunc
1874 3406 1986 3448 arte
2028 3399 2276 3463 magistra
2319 3418 2362 3449 ι.
2404 3399 2585 3450 Anche

1688 3472 1743 3521 in
1779 3472 2041 3535 Lucrezi0,
2092 3472 2134 3533 1,
2185 3483 2289 3535 219
2344 3471 2492 3522 mella
2532 3469 2589 3518 vi

1673 3541 1824 3607 soret
1855 3559 1993 3593 usus.

1766 3611 1827 3664 18
1832 3623 1880 3678 5.
1913 3613 2116 3663 seminis
2140 3614 2214 3662 ad
2230 3613 2414 3662 coitum
2436 3631 2452 3663 .·
2475 3628 2584 3679 per·

1689 3681 1785 3736 che
1846 3701 2073 3752 avvenga
2125 3686 2177 3736 la
2237 3686 2448 3736 miscela
2503 3683 2588 3735 del
