2917 4275
934 323 1019 367 nn
1059 324 1276 367 RERUM
1320 324 1604 369 NATURA.
2145 330 2222 387 93

314 458 419 510 aut
464 447 594 509 aliis
641 449 809 528 fungi
855 450 1102 512 debebit
1147 449 1458 529 agentibus
1503 450 1718 529 ipsum,

313 548 418 598 aut
462 536 573 598 erit
620 549 688 598 ut
732 539 965 617 possint
1010 540 1073 600 in
1119 559 1194 601 eo
1238 560 1333 600 res
1377 560 1507 600 esse
1551 539 1836 619 gerique:

313 637 376 686 at
420 629 613 688 facere
659 637 719 688 et
763 628 927 706 fungi
975 628 1102 689 sine
1148 648 1395 707 corpore
1442 631 1606 690 nulla
1650 640 1848 707 potest
1890 649 2002 702 reS,

313 735 428 776 nec
473 718 762 794 praebere
809 720 1008 779 locum
1053 738 1232 796 porro
1278 717 1392 779 nisi
1435 718 1615 779 inane
1659 738 2017 797 vacansque.

314 824 474 883 erg0,
524 817 758 883 praeter
803 807 981 867 inane
1028 816 1088 867 et
1134 826 1399 885 corpora,
1451 807 1625 868 tertia
1670 828 1777 886 per
1823 828 1886 869 se

2099 826 2220 887 445

312 896 479 954 nulla
524 906 726 973 potest
766 916 963 957 rerum
1011 897 1074 955 in
1120 916 1372 957 numero
1418 907 1629 957 natura
1672 896 1945 975 relinqui,

313 1004 426 1046 nec
472 1004 624 1061 quae
670 987 784 1046 sub
831 1005 1038 1046 sensus
1080 987 1256 1046 cadat
1299 988 1424 1046 ullo
1471 996 1741 1064 tempore
1786 997 2037 1060 nostroS,

249 1099 254 1104 ·
313 1093 426 1134 nec
469 1072 697 1134 ratione
745 1074 927 1135 animi
971 1095 1149 1153 quam
1196 1074 1512 1153 quisquam
1557 1075 1745 1153 possit
1790 1075 1992 1154 apisci.

313 1302 342 1354 ὲ
378 1320 572 1370 corpo;
621 1321 675 1354 se
724 1303 789 1355 da
826 1306 864 1354 il
913 1306 1071 1371 luogo
1118 1307 1217 1356 alle

318 1391 436 1426 cose
460 1393 554 1443 per
578 1377 717 1440 agite
735 1391 767 1425 o
791 1377 964 1427 subire
982 1374 1012 1426 ὲ
1036 1385 1215 1428 vuot0:

311 1448 361 1496 al
401 1448 454 1498 di
490 1447 626 1497 fuori
671 1463 777 1497 non
819 1450 864 1497 v’
887 1444 917 1496 ὲ
957 1449 1100 1509 altro,
1151 1444 1218 1498 ne

317 1519 410 1569 che
446 1519 491 1569 si
526 1535 679 1586 possa
714 1520 976 1585 percepire
1019 1516 1086 1568 ne
1122 1520 1216 1571 che

312 1591 355 1640 si
398 1605 549 1657 possa
604 1606 831 1655 pensare.
887 1591 965 1640 La
1018 1590 1216 1657 ripasti-

312 1662 458 1712 zione
494 1677 600 1711 non
643 1658 673 1710 ὲ
724 1660 830 1711 cosi
874 1663 1034 1712 recisa
1079 1663 1215 1713 nelle

311 1733 487 1797 parole
544 1733 803 1798 superstiti
856 1733 909 1782 di
955 1734 1212 1800 Epicuro;

310 1820 407 1869 pur
426 1804 475 1853 vi
502 1804 546 1853 si
571 1804 724 1868 legge
748 1804 847 1870 (pr.
873 1805 1027 1869 Diog.
1059 1806 1120 1856 L.
1148 1806 1212 1870 X,

311 1874 427 1939 67):
482 1873 613 1925 καθ’
651 1872 805 1924 ἑαυτὸ
853 1872 912 1925 δὲ
957 1874 1059 1926 οὐκ
1109 1873 1214 1927 ἐστι

308 1949 494 2011 νοῆσαι
545 1943 603 1996 τὸ
640 1942 920 2010 ἀσώματον
959 1943 1096 2014 πλὴν
1132 1945 1216 1998 ἐπὶ

311 2020 402 2067 τοῦ
449 2021 623 2068 κενοῦ.
675 2015 733 2067 τὸ
786 2014 845 2068 δὲ
892 2015 1048 2069 κενὸν
1095 2016 1215 2069 οὔτε

309 2093 523 2155 ποιῆσαι
576 2086 697 2140 οὔτε
742 2087 937 2142 παθεῖν
983 2087 1213 2152 δύναται,

308 2157 436 2211 ἀλλὰ
473 2159 683 2227 κίνησιν
717 2159 881 2225 μόνον
918 2160 985 2213 δι’
1024 2159 1213 2213 ἑαυτοῦ

311 2237 417 2288 τοῖς
454 2229 663 2296 σώμασι
698 2231 991 2298 παρέχεται.

379 2319 500 2366 440.
536 2314 636 2370 per
673 2322 724 2355 se
761 2328 828 2346 ==
864 2302 994 2356 καθ’
1042 2302 1213 2355 ἑαυτό.

379 2391 502 2440 441.
540 2377 658 2426 aliis
688 2377 909 2442 fungi...
948 2379 1214 2443 agentibus

308 2450 478 2513 ipsum
498 2465 515 2496 .·
552 2447 603 2496 la
624 2449 797 2513 patrii
829 2449 1077 2497 sermonis
1103 2464 1207 2513 ege·

308 2526 416 2568 stas
454 2519 507 2567 lo
532 2519 744 2583 obbliga
770 2536 801 2568 a
838 2526 1017 2585 questa
1052 2519 1211 2584 lunga

308 2590 749 2641 circonlocuzione
810 2592 898 2657 pel
958 2590 997 2638 il
1058 2606 1209 2656 greco

306 2658 512 2711 παθεῖν.
568 2662 617 2713 ΙΙ
665 2662 823 2711 latino
872 2677 1027 2712 aveva
1074 2664 1206 2726 pati,

308 2750 393 2783 ma
437 2732 684 2783 Lucrezio
735 2749 841 2783 non
887 2734 939 2783 lo
987 2734 1209 2798 adopera

307 2804 412 2854 mai
450 2804 506 2853 in
530 2805 602 2853 tal
638 2804 950 2869 significato;
988 2803 1210 2870 adopera

307 2877 485 2925 invece
522 2876 697 2940 fungi
747 2877 909 2926 anche
961 2876 1206 2925 assoluta-

308 2955 479 2998 mente
517 2962 662 2996 come
700 2948 750 2996 al
796 2965 842 2998 v.
883 2960 987 3011 443
1020 2947 1209 3011 facere

306 3019 548 3084 etfungi.
575 3016 695 3067 Cosi
716 3019 882 3085 fungi
903 3035 995 3085 per
1018 3014 1208 3067 παθεῖν

306 3091 362 3138 in
409 3090 490 3140 ΙΙΙ
551 3088 677 3140 1‘68:
731 3111 755 3135 ι
798 3092 999 3154 pariter
1035 3089 1212 3155 fungi

306 3177 418 3211 cum
450 3169 711 3227 corpore...
737 3162 1018 3211 animum»
1035 3175 1047 3220 3
1077 3159 1206 3225 813:

310 3252 332 3276 α
363 3248 527 3296 neque
553 3233 709 3282 inane
732 3234 795 3281 ab
818 3234 924 3282 ictu
948 3233 1208 3299 fungitur

304 3304 468 3353 hilum
497 3322 521 3346 ι
571 3324 595 3347 α
632 3320 738 3353 non
776 3304 977 3354 subisce
1013 3303 1208 3353 assolu-

306 3381 531 3424 tamente
568 3383 683 3425 utto
727 3394 767 3424 ι.

373 3458 497 3506 442.
546 3455 609 3496 ut
630 3448 885 3511 ‘pos-sint:
938 3447 977 3496 il
1020 3446 1205 3496 Wake-

305 3515 439 3579 field,
484 3517 518 3566 l'
540 3517 817 3578 Eichst‘aldt,
869 3518 908 3566 il
944 3516 1204 3581 Forbiger,

305 3588 343 3637 il
367 3588 556 3636 Munro
594 3605 885 3654 approvano
924 3589 973 3638 la
1010 3588 1207 3639 lezione

305 3658 390 3709 dei
439 3659 603 3708 codici
653 3669 714 3710 ut
750 3666 1015 3724 possunt!
1064 3659 1207 3708 Inso-

1325 1304 1464 1356 lente
1515 1302 1544 1353 ὲ
1588 1324 1618 1355 a
1668 1307 1739 1356 tal
1787 1307 2025 1372 riguardo
2073 1325 2166 1374 per
2205 1307 2224 1355 i

1326 1377 1481 1442 primi
1501 1384 1574 1428 tre
1600 1378 1651 1427 la
1667 1385 1789 1427 nota
1807 1378 1892 1428 del
1911 1380 2225 1430 Lachmann.

1395 1449 1519 1510 446.
1559 1450 1790 1514 relinqui
1821 1471 1892 1490 =
1930 1467 2048 1501 esse.

1394 1530 1526 1583 447-
1505 1520 1579 1572 -.8
1643 1520 1882 1586 Epicure,
1938 1538 2015 1587 pr.
2070 1523 2226 1591 Diog.

1325 1591 1385 1640 L.
1408 1592 1475 1651 X,
1494 1605 1593 1653 40.
1614 1588 1735 1641 οὔτε
1757 1589 2087 1657 περιληπτῶς
2105 1592 2226 1648 οὔτε

1324 1659 1590 1726 ἀναλόγως
1626 1667 1730 1719 τοῖς
1766 1660 2109 1729 περιληπτοῖς.

1393 1733 1517 1796 448.
1543 1735 1734 1799 apisci:
1772 1735 1861 1799 qui
1903 1756 1926 1778 α
1956 1751 2224 1802 compren-

1323 1806 1443 1855 dere
1502 1823 1564 1866 »;
1627 1806 1682 1855 in
1738 1806 1827 1866 VI,
1883 1823 1931 1859 v,
1994 1811 2218 1873 1235-6:

1327 1898 1349 1921 e
1376 1877 1525 1926 nullo
1543 1879 1809 1926 cessabant
1825 1885 2045 1941 tempore
2062 1882 2227 1944 apisci

1321 1950 1411 1998 Ex
1461 1948 1581 1996 aliis
1628 1948 1757 1996 alios
1805 1950 1950 1997 avidi
1989 1953 2224 2016 contagia

1322 2020 1487 2067 morbi
1514 2039 1535 2060 ο
1585 2038 1609 2062 ι
1632 2018 1854 2078 assalire,
1893 2022 2222 2086 apprendersi

1321 2090 1386 2139 ad
1422 2088 1538 2139 altri
1588 2109 1630 2140 ι.
1730 2134 1739 2146 .

1389 2160 1646 2223 449-482.
1664 2163 1938 2211 coniuncta
1950 2165 2015 2214 ed
2028 2174 2222 2215 eventa.

1322 2234 1509 2284 Teoria
1558 2233 1784 2292 difficile,
1834 2229 1900 2281 ne
1950 2235 2085 2286 forse
2133 2254 2224 2302 per

1322 2303 1471 2369 colpa
1507 2305 1560 2353 di
1585 2305 1826 2370 Epicu10‚
1853 2303 1944 2371 piii
1965 2308 2059 2357 che
2085 2307 2222 2373 degli

1321 2376 1587 2441 interpreti
1642 2376 1772 2434 suoi,
1829 2393 1860 2425 a
1915 2379 2223 2429 comincinre

1320 2448 1384 2494 da
1419 2446 1681 2497 Lucrezio.
1721 2447 1912 2498 Stando
1937 2449 2040 2499 alla
2076 2465 2222 2516 espo-

1319 2517 1510 2568 sizione
1553 2518 1647 2568 che
1685 2535 1750 2568 ne
1801 2519 1851 2569 fa
1889 2520 2135 2570 Lucrezio
2171 2539 2220 2570 a·

1317 2604 1544 2638 vremmo
1582 2598 1781 2654 questo,
1814 2590 1881 2641 Vi
1919 2607 2046 2640 sono
2084 2592 2221 2642 delle

1317 2656 1513 2725 qualita
1532 2660 1748 2712 inei-enti
1774 2662 1876 2713 alle
1900 2664 1999 2712 due
2023 2671 2216 2722 nature,

1316 2726 1427 2781 οἱοὲ
1489 2732 1699 2782 materia
1752 2750 1782 2783 e
1835 2741 2011 2792 vuoto,
2068 2750 2216 2784 senza

1317 2802 1451 2853 delle
1490 2803 1631 2866 quali
1668 2803 1701 2852 l'
1723 2821 1827 2855 una
1862 2821 1895 2854 o
1931 2804 1965 2853 1'
1979 2805 2105 2854 altra
2132 2822 2218 2871 pe-

1319 2874 1468 2923 risce:
1510 2872 1615 2923 cosi
1670 2874 1721 2924 la
1776 2884 2073 2941 pesantezza
2129 2893 2222 2942 per

1317 2961 1389 2994 un
1440 2945 1693 3008 macigno,
1745 2947 1781 2996 il
1834 2948 2002 2998 calore
2050 2963 2140 3012 per
2181 2948 2219 2997 il

1317 3016 1486 3076 suoc0,
1541 3015 1590 3064 la
1643 3026 1821 3067 natura
1876 3018 2072 3084 liquida
2130 3035 2221 3084 per

1316 3089 1349 3136 l'
1379 3102 1557 3154 acqua,
1610 3087 1659 3138 la
1713 3086 2004 3154 tangibilita
2056 3106 2149 3156 per
2201 3091 2218 3139 i

1317 3160 1473 3225 coi-pi,
1549 3158 1581 3207 l'
1606 3159 1957 3225 intangibilita
2029 3178 2121 3228 per
2183 3162 2220 3210 il

1315 3238 1507 3289 vuot03
1565 3239 1746 3297 questa
1795 3231 2053 3298 proprieta
2102 3248 2219 3298 pos·

1315 3302 1477 3352 siamo
1539 3302 1791 3353 chiamare
1845 3304 2118 3354 coniuncta
2171 3305 2219 3354 ai

1315 3373 1473 3438 corpi.
1511 3376 1599 3424 Ma
1636 3375 1685 3424 vi
1722 3390 1850 3424 sono
1889 3375 2020 3425 oltre
2069 3392 2098 3424 a
2135 3371 2216 3424 οἱὸ

1314 3444 1387 3510 gli
1423 3455 1617 3502 eventa,
1640 3446 1657 3494 i
1686 3446 1840 3512 quali,
1866 3462 1899 3495 ο
1925 3460 2217 3511 avvengano

1314 3518 1363 3566 ai
1388 3518 1532 3582 corpi
1569 3532 1601 3565 o
1627 3534 1680 3568 se
1712 3534 1776 3567 ne
1801 3517 2084 3583 dipartan0‚
2113 3531 2219 3565 non

1315 3594 1526 3636 mutano
1576 3588 1626 3636 Ia
1672 3595 1850 3638 natura
1893 3588 1946 3638 di
1989 3588 2103 3637 essi.
2146 3587 2217 3635 Di

1315 3659 1482 3723 questi
1517 3667 1697 3710 eventa
1722 3659 1966 3709 Lucrezio
2004 3663 2217 3724 apporta
