2917 4275
1016 345 1101 388 nr:
1146 345 1362 402 RERUM
1410 345 1691 391 NATURA.
2232 347 2317 416 59

407 491 440 531 e
486 482 757 548 terraque
802 482 1007 531 exorta
1051 482 1297 550 repente
1342 473 1583 532 arbusta
1625 471 1886 533 salirent.

406 580 659 639 quorum
704 560 789 621 nil
834 560 962 621 fieri
1006 560 1457 635 manifestumst,
1508 561 1708 621 omnia
1754 561 1997 637 quando

406 650 690 729 paulatim
736 649 1026 724 crescunt,
1077 660 1144 710 ut
1188 670 1297 728 par
1341 660 1447 726 est,
1499 649 1746 710 semine·
1771 660 1944 736 certo

404 750 855 818 crescentesque
897 759 1086 818 genus
1118 751 1397 818 ‘servant3
1469 750 1535 799 ut
1582 758 1828 801 noscere
1874 737 2096 816 possis·

408 1005 562 1048 seme,
601 1006 630 1038 e
668 987 781 1038 cioe
826 986 1046 1039 affinche
1089 988 1127 1037 il
1163 1004 1304 1039 seme

344 1077 351 1080 ⁷
408 1061 453 1110 si
508 1060 731 1126 sviluppi
786 1077 877 1125 per
932 1059 963 1108 1·
980 1060 1305 1125 aggiungersi

317 1148 327 1157 ·
413 1132 466 1182 di
506 1131 635 1182 altro
672 1148 829 1182 seme.

487 1200 600 1265 187.
651 1217 674 1251 e
730 1209 970 1267 terraque
1019 1209 1199 1250 exorta
1219 1220 1236 1251 :
1284 1219 1313 1251 e

411 1272 526 1324 cioe
574 1294 597 1317 ο
655 1280 853 1337 appena
899 1275 1124 1339 spuntati
1179 1273 1314 1323 fuori

413 1346 551 1396 dalla
578 1353 708 1396 terra
749 1363 794 1393 ι.
824 1370 887 1380 -
925 1344 1179 1394 salirente'
1213 1363 1239 1387 e
1269 1345 1313 1393 si

412 1417 744 1468 leverebbero
782 1416 838 1465 in
875 1416 980 1466 alto
1022 1433 1068 1463 ι.

490 1486 883 1550 188.·quana⁷o:
919 1503 1094 1553 presso
1128 1487 1311 1536 Lucre·

411 1560 491 1609 zio
539 1579 610 1599 =
655 1559 898 1623 quoniam
918 1577 941 1617 ,·
986 1558 1076 1607 cfr.
1122 1574 1171 1606 v.
1211 1556 1312 1619 263

415 1631 620 1694 quando
656 1630 769 1679 alid
798 1645 862 1678 ex
896 1629 998 1679 alio
1022 1628 1189 1693 reficit
1221 1644 1316 1677 na-

419 1708 544 1750 tura
585 1721 632 1749 ι.

492 1769 704 1836 189-90.
742 1776 1012 1820 crescunt:
1064 1766 1178 1820 cioe
1226 1787 1316 1819 ar-

415 1842 575 1893 busta.
642 1842 687 1890 11
742 1843 949 1907 Brieger
1002 1858 1161 1907 segna
1215 1858 1318 1891 una

416 1914 602 1965 lacuna
664 1914 801 1978 dopo
862 1914 900 1962 il
960 1931 1006 1963 v.
1077 1912 1216 1977 189;
1280 1913 1319 1962 il

417 1988 604 2037 Munro
641 1985 693 2034 la
723 2001 882 2049 segna
918 1984 1056 2050 dopo
1087 1992 1194 2048 par
1232 1991 1317 2043 est,

416 2075 445 2108 e
473 2058 624 2107 crede
657 2056 820 2106 anche
858 2064 1003 2121 poter
1029 2057 1319 2106 ricostruire

415 2129 456 2179 il
475 2147 620 2180 verso
645 2136 933 2179 maneante.
961 2128 1143 2178 Anche
1168 2143 1320 2177 senza

419 2208 714 2251 ammettere
763 2200 949 2252 lacuna
1004 2199 1036 2248 1'
1054 2215 1319 2264 argomen-

419 2272 620 2323 tazione
663 2271 904 2336 procede.
955 2272 1059 2321 Noi
1097 2287 1203 2320 non
1239 2286 1324 2320 ve·

420 2344 591 2393 diamo
638 2342 736 2392 che
782 2343 857 2407 gli
913 2343 1073 2392 alberi
1121 2357 1323 2408 appena

420 2416 642 2480 spuntati
669 2414 808 2463 dalla
836 2421 965 2464 terra
989 2415 1032 2463 si
1057 2414 1244 2463 levano
1269 2413 1324 2462 in

423 2486 555 2549 a1t03
577 2486 688 2534 anzi
708 2486 942 2534 vediamo
964 2486 1060 2534 che
1082 2500 1324 2534 crescono

422 2557 732 2607 lentamente
747 2571 759 2614 ;
780 2554 966 2623 perche
981 2560 998 2605 ἓ
1019 2551 1212 2606 Perche
1227 2556 1325 2605 essi

421 2627 597 2678 hanno
646 2629 880 2693 bisogn0‚
937 2644 1030 2693 per
1083 2643 1323 2685 crescere,

424 2699 507 2748 del
544 2700 749 2748 seminis
795 2701 968 2757 coitus,
1010 2695 1129 2748 dell’
1146 2714 1324 2763 aggre-

424 2771 637 2836 gazione
676 2769 793 2819 cioe
829 2772 882 2820 di
919 2787 1088 2821 nuova
1114 2772 1328 2820 materia

424 2842 687 2892 seminale.
737 2843 826 2891 Ma
864 2837 1051 2907 poiche
1088 2843 1328 2891 ciascuna

426 2929 546 2963 cosa
600 2913 668 2962 ha
725 2914 1048 2963 determinati
1076 2914 1077 2917 ’
1105 2912 1246 2972 semi,
1299 2929 1328 2961 e

426 2984 591 3050 questi
628 3000 733 3034 non
771 2985 815 3034 si
856 2992 1161 3050 presentano
1213 2984 1328 3034 tutti

427 3056 480 3105 di
515 3073 586 3106 un
624 3064 792 3117 tratto,
831 3053 860 3105 ὲ
909 3057 1155 3121 graduale
1193 3056 1222 3104 1’
1246 3070 1328 3103 ac⁶

333 3183 336 3185 Α
429 3129 778 3178 crescimento.
807 3128 881 3178 Se.
900 3128 1192 3193 qualnnque
1221 3143 1327 3175 ma-

430 3199 555 3249 teria
610 3208 812 3264 potesse
876 3199 1061 3248 servire
1117 3200 1182 3247 ad
1239 3197 1330 3247 ali-

428 3270 691 3332 mentarle‚
730 3286 837 3320 non
875 3271 988 3319 solo
1034 3269 1067 3317 1’
1084 3270 1329 3319 accresci-

428 3348 601 3390 mento
639 3342 886 3407 potrebbe
925 3357 1089 3391 essere
1142 3342 1330 3390 subita-

431 3427 545 3471 ne0,
576 3429 659 3461 ma
695 3413 747 3461 la
785 3428 906 3462 cosa
943 3413 1256 3478 perderebbe
1294 3412 1331 3461 il

430 3499 524 3533 suo
548 3491 806 3534 carattere
855 3484 1102 3550 propri03
1154 3484 1333 3533 invece

432 3553 617 3620 poiche
665 3555 904 3604 ciascuna
953 3571 1072 3604 cosa
1122 3555 1190 3604 ha
1246 3556 1334 3605 de-

431 3625 688 3676 terminati
713 3627 856 3685 semi,
886 3627 1051 3692 questi
1077 3642 1176 3676 con
1202 3626 1232 3674 1’
1251 3641 1334 3676 ac-

433 3698 681 3748 crescerla
718 3713 1032 3748 conservano
1058 3698 1097 3747 il
1129 3710 1333 3764 genere,

2201 759 2317 816 190

1415 1006 1523 1040 non
1578 1004 1644 1038 ne
1700 988 1905 1046 svisano
1962 987 2000 1035 il
2056 994 2318 1037 carattere.

1422 1063 1642 1112 Rimane
1688 1060 1742 1108 la
1790 1056 2039 1109 difficolt&
2088 1059 2170 1109 del
2219 1074 2326 1106 cre-

1420 1138 1609 1182 scentes
1658 1131 1848 1180 riferito
1897 1132 1963 1179 ad
1999 1131 2226 1178 arbusta.
2278 1128 2323 1178 ΙΙ

1420 1203 1645 1254 Nencini
1673 1203 1851 1252 invece
1871 1202 1923 1250 di
1949 1207 2320 1264 crescentesque

1422 1275 1492 1339 (v.
1552 1271 1672 1338 190)
1714 1288 1935 1339 propose
1972 1278 2206 1320 crescunt
2249 1277 2325 1319 at-

1422 1361 1534 1411 que.
1586 1346 1753 1396 Credo
1798 1344 1893 1393 che
1944 1342 2049 1394 cosi
2099 1344 2144 1393 si
2180 1359 2325 1393 corra

1422 1417 1650 1483 pericolo
1678 1417 1731 1466 di
1757 1431 2055 1480 correggere
2074 1414 2321 1465 Lucrezio

1423 1498 1598 1538 stesso.
1648 1487 1710 1536 In
1747 1487 1831 1537 un'
1854 1502 2026 1552 opera,
2065 1486 2161 1535 che
2211 1502 2323 1551 pro-

1422 1559 1738 1609 babilmente
1784 1559 1817 1607 l’
1840 1574 1885 1606 a.
1926 1574 2031 1607 non
2076 1558 2258 1623 giunse
2296 1573 2325 1606 a

1423 1632 1665 1687 rivedere,
1715 1627 1744 1677 ὲ
1798 1630 2028 1679 naturale
2082 1629 2178 1678 ekie
2235 1628 2328 1678 tali

1424 1699 1741 1766 irregolarith
1778 1702 1822 1750 si
1858 1701 2180 1750 riscontrino.
2224 1700 2325 1749 Lu.-

1424 1775 1590 1823 crezio
1620 1772 1843 1837 adopera
1877 1772 2088 1821 arbusta
2120 1787 2211 1836 per
2242 1787 2327 1819 ar-

1425 1847 1583 1903 bores,
1621 1843 1718 1893 che
1753 1859 1860 1892 non
1904 1851 2045 1893 entra
2082 1841 2200 1892 nell’
2219 1859 2328 1892 esa-

1426 1923 1606 1978 metro,
1645 1931 1674 1963 e
1700 1914 1840 1964 nello
1866 1915 2083 1964 scrivere
2108 1928 2330 1966 crescen-

1426 1994 1594 2051 tesque
1631 1984 1749 2035 avr&
1786 1993 1966 2050 potuto
2006 2002 2153 2035 avere
2189 1984 2329 2040 nella

1427 2066 1598 2108 mente
1638 2057 1677 2107 il
1726 2066 1964 2108 concetto
2014 2057 2066 2106 di
2104 2056 2327 2105 arbores.

1427 2131 1490 2180 In
1526 2146 1629 2180 una
1678 2129 1929 2180 revisione
1983 2129 2202 2179 avrebbe
2238 2143 2331 2193 po-

1429 2210 1554 2261 tuto,
1581 2201 1669 2266 qui
1708 2218 1737 2250 e
1776 2200 1982 2260 altrove,
2014 2216 2329 2265 correggere.

1428 2275 1592 2324 Senza
1642 2273 1750 2322 dire
1808 2272 1904 2322 che
1956 2271 1990 2320 1·
2013 2269 2331 2336 irregolarit&

1429 2342 1552 2410 pote
1604 2360 1770 2394 essere
1820 2343 1983 2393 anche
2039 2350 2253 2409 pensata
2304 2357 2332 2391 e

1429 2415 1615 2465 voluta.
1678 2416 1864 2466 Orazio
1921 2413 2061 2465 nello
2116 2415 2333 2464 scrivere

1430 2487 1716 2535 dulcissime
1738 2501 1917 2534 rerum
1956 2484 2089 2548 (Sat.
2126 2486 2168 2546 I,
2200 2501 2248 2549 9,
2276 2486 2334 2546 4)

1431 2574 1657 2623 pensava
1690 2566 1918 2622 appunto
1957 2557 2051 2606 che
2078 2558 2124 2605 al
2152 2557 2333 2606 lettore

1431 2630 1475 2678 si
1511 2637 1812 2694 presentava
1836 2636 2122 2694 spontaneo
2151 2627 2188 2677 il
2214 2643 2335 2676 con·

1433 2708 1568 2751 cetto
1619 2719 1642 2744 e
1700 2705 1758 2747 tu
1803 2706 1862 2762 »‚'
1898 2716 2004 2749 non
2054 2698 2226 2764 quello
2282 2699 2334 2747 di

1438 2791 1464 2816 ε
1495 2787 1578 2820 res
1609 2788 1651 2820 ι.
1678 2772 1800 2820 Non
1829 2770 2104 2820 altrimenti
2132 2770 2334 2829 ovidio,

1435 2843 1567 2892 Her.
1607 2845 1696 2902 IV,
1742 2853 1836 2907 125
1866 2859 1894 2892 e
1931 2841 2059 2890 Met.
2093 2841 2240 2902 VIII,
2268 2854 2337 2901 49

1438 2934 1462 2959 e
1498 2913 1849 2978 pulcherrime
1885 2929 2063 2963 rerum
2095 2931 2116 2955 ι
2142 2927 2154 2970 ;
2196 2929 2225 2962 e
2251 2913 2358 2967 Li-‚

1435 2985 1521 3035 vio
1575 2986 1718 3045 VIII,
1784 2998 1864 3046 11,
1927 2998 1987 3049 13
2042 3003 2067 3028 ε
2129 2983 2337 3032 Latium

1440 3057 1716 3122 Capuaque
1743 3072 1869 3120 agro
1896 3055 2106 3106 multati
2131 3073 2178 3114 ι,
2213 3071 2340 3120 pen-

1436 3131 1599 3179 sando
1636 3146 1667 3177 a
1707 3147 1732 3172 ι
1776 3127 1936 3193 quelli
1984 3127 2066 3177 del
2106 3127 2263 3178 Lazio
2310 3143 2338 3176 e

1438 3200 1492 3248 di
1530 3202 1707 3265 Capua
1738 3216 1782 3264 t,
1822 3217 1850 3249 e
1887 3199 2152 3258 Cicerone,
2190 3199 2337 3247 Fam.

1436 3272 1478 3333 Ι,
1522 3284 1570 3334 9,
1617 3283 1674 3336 15
1718 3289 1743 3314 ι
1786 3271 1878 3319 illa
1907 3271 2122 3335 furia...
2175 3270 2340 3332 impu-

1438 3342 1648 3391 nitatem
1668 3349 1741 3390 est
1767 3347 2024 3392 assecutus
2053 3362 2074 3387 ⁸
2096 3356 2107 3400 ;
2135 3359 2163 3392 e
2186 3341 2237 3390 T
2236 3356 2340 3390 usc.

1439 3415 1481 3473 Ι,
1526 3426 1604 3473 11,
1644 3427 1711 3463 22
1755 3435 1778 3458 ο
1808 3413 2160 3462 Democritum
2198 3413 2341 3461 omit-

1440 3490 1627 3544 tamus,
1688 3486 1825 3533 nihil
1884 3484 2016 3533 enim
2070 3492 2146 3532 est
2202 3483 2347 3546 apud

1440 3556 1560 3605 istos
1589 3573 1613 3598 ι
1656 3573 1752 3606 ove
1777 3556 1808 3605 1’
1831 3572 1876 3606 a.
1914 3555 1981 3604 ha
2006 3555 2181 3605 scritto
2220 3556 2342 3602 istos

1440 3624 1629 3693 perche
1668 3628 1856 3679 ricorre
1895 3627 1978 3676 col
2014 3627 2254 3692 pensiero
2292 3625 2343 3674 ai

1440 3699 1649 3765 seguaci
1674 3700 1728 3750 di
1763 3697 2077 3750 Democrito.
2116 3700 2343 3749 Potrem·
