<?xml version="1.0" encoding="UTF-8"?>
<!DOCTYPE html PUBLIC "-//W3C//DTD XHTML 1.0 Transitional//EN"
    "http://www.w3.org/TR/xhtml1/DTD/xhtml1-transitional.dtd">
<html xmlns="http://www.w3.org/1999/xhtml" xml:lang="en" lang="en">
 <head>
  <title>
</title>
<meta http-equiv="Content-Type" content="text/html;charset=utf-8" />
  <meta name='ocr-system' content='tesseract 3.04.00' />
  <meta name='ocr-capabilities' content='ocr_page ocr_carea ocr_par ocr_line ocrx_word'/>
</head>
<body>
  <div class='ocr_page' id='page_1' title='image "./tlucreticarider05unkngoog_0178.png"; bbox 0 0 2917 4275; ppageno 0'>
   <div class='ocr_carea' id='block_1_1' title="bbox 712 290 1946 363">
    <p class='ocr_par' dir='ltr' id='par_1_1' title="bbox 712 290 1946 363">
     <span class='ocr_line' id='line_1_1' title="bbox 712 290 1946 363; baseline -0.002 -17"><span class='ocrx_word' id='word_1_1' title='bbox 712 290 833 363; x_wconf 79' lang='lat'><strong>158</strong></span> <span class='ocrx_word' id='word_1_2' title='bbox 1379 302 1439 348; x_wconf 80' lang='grc' dir='ltr'><strong>τ.</strong></span> <span class='ocrx_word' id='word_1_3' title='bbox 1489 303 1757 347; x_wconf 72' lang='lat' dir='ltr'><strong>Lucam</strong></span> <span class='ocrx_word' id='word_1_4' title='bbox 1801 303 1946 344; x_wconf 60' lang='lat' dir='ltr'><strong>cam</strong></span> 
     </span>
    </p>
   </div>
   <div class='ocr_carea' id='block_1_2' title="bbox 698 425 2624 581">
    <p class='ocr_par' dir='ltr' id='par_1_2' title="bbox 698 425 2624 581">
     <span class='ocr_line' id='line_1_2' title="bbox 698 425 2624 508; baseline 0.002 -22"><span class='ocrx_word' id='word_1_5' title='bbox 698 445 911 488; x_wconf 78' lang='lat' dir='ltr'><strong>verum</strong></span> <span class='ocrx_word' id='word_1_6' title='bbox 960 425 1187 486; x_wconf 88' lang='lat' dir='ltr'><strong>semina</strong></span> <span class='ocrx_word' id='word_1_7' title='bbox 1232 426 1599 490; x_wconf 87' lang='lat' dir='ltr'><strong>multimodis</strong></span> <span class='ocrx_word' id='word_1_8' title='bbox 1645 426 1892 488; x_wconf 87' lang='lat' dir='ltr'><strong>inmixta</strong></span> <span class='ocrx_word' id='word_1_9' title='bbox 1935 430 2117 489; x_wconf 88' lang='lat' dir='ltr'><strong>latere</strong></span> <span class='ocrx_word' id='word_1_10' title='bbox 2487 434 2624 508; x_wconf 84' lang='lat'><strong>895</strong></span> 
     </span>
     <span class='ocr_line' id='line_1_3' title="bbox 705 515 2275 581; baseline 0.004 -6"><span class='ocrx_word' id='word_1_11' title='bbox 705 517 1027 576; x_wconf 74' lang='lat' dir='ltr'><strong>multarum</strong></span> <span class='ocrx_word' id='word_1_12' title='bbox 1071 534 1267 576; x_wconf 88' lang='lat' dir='ltr'><strong>rerum</strong></span> <span class='ocrx_word' id='word_1_13' title='bbox 1312 515 1376 576; x_wconf 88' lang='lat' dir='ltr'><strong>in</strong></span> <span class='ocrx_word' id='word_1_14' title='bbox 1421 518 1603 577; x_wconf 91' lang='lat' dir='ltr'><strong>rebus</strong></span> <span class='ocrx_word' id='word_1_15' title='bbox 1646 515 1988 578; x_wconf 82' lang='lat' dir='ltr'><strong>communia</strong></span> <span class='ocrx_word' id='word_1_16' title='bbox 2031 518 2275 581; x_wconf 89' lang='lat' dir='ltr'><strong>debent.</strong></span> 
     </span>
    </p>
   </div>
   <div class='ocr_carea' id='block_1_3' title="bbox 696 604 2634 1124">
    <p class='ocr_par' dir='ltr' id='par_1_3' title="bbox 696 604 2634 1124">
     <span class='ocr_line' id='line_1_4' title="bbox 797 604 2634 684; baseline 0.003 -22"><span class='ocrx_word' id='word_1_17' title='bbox 797 607 812 634; x_wconf 90' lang='lat'>‘</span> <span class='ocrx_word' id='word_1_18' title='bbox 840 609 922 664; x_wconf 88' lang='lat' dir='ltr'><strong>At</strong></span> <span class='ocrx_word' id='word_1_19' title='bbox 966 623 1145 683; x_wconf 86' lang='lat' dir='ltr'><strong>saepe</strong></span> <span class='ocrx_word' id='word_1_20' title='bbox 1187 604 1251 664; x_wconf 91' lang='lat' dir='ltr'><strong>in</strong></span> <span class='ocrx_word' id='word_1_21' title='bbox 1295 605 1526 684; x_wconf 88' lang='lat' dir='ltr'><strong>magnis</strong></span> <span class='ocrx_word' id='word_1_22' title='bbox 1570 608 1636 665; x_wconf 88' lang='lat' dir='ltr'><strong>fit</strong></span> <span class='ocrx_word' id='word_1_23' title='bbox 1681 605 1985 666; x_wconf 87' lang='lat' dir='ltr'><strong>montibus</strong></span> <span class='ocrx_word' id='word_1_24' title='bbox 2013 607 2026 632; x_wconf 88' lang='lat'>’</span> <span class='ocrx_word' id='word_1_25' title='bbox 2072 604 2273 682; x_wconf 90' lang='lat' dir='ltr'>inquis</span> <span class='ocrx_word' id='word_1_26' title='bbox 2323 609 2338 636; x_wconf 90' lang='lat'>‘</span> <span class='ocrx_word' id='word_1_27' title='bbox 2361 616 2428 666; x_wconf 93' lang='lat' dir='ltr'><strong>ut</strong></span> <span class='ocrx_word' id='word_1_28' title='bbox 2480 605 2634 667; x_wconf 86' lang='lat' dir='ltr'><strong>altis</strong></span> 
     </span>
     <span class='ocr_line' id='line_1_5' title="bbox 696 691 2196 756; baseline 0.005 -8"><span class='ocrx_word' id='word_1_29' title='bbox 696 693 1019 754; x_wconf 72' lang='lat' dir='ltr'><strong>arboribus</strong></span> <span class='ocrx_word' id='word_1_30' title='bbox 1064 691 1257 754; x_wconf 86' lang='lat' dir='ltr'><strong>vicina</strong></span> <span class='ocrx_word' id='word_1_31' title='bbox 1302 693 1612 756; x_wconf 86' lang='lat' dir='ltr'><strong>cacumina</strong></span> <span class='ocrx_word' id='word_1_32' title='bbox 1655 713 1886 756; x_wconf 86' lang='lat' dir='ltr'><strong>summa</strong></span> <span class='ocrx_word' id='word_1_33' title='bbox 1931 705 2196 755; x_wconf 90' lang='lat' dir='ltr'><strong>terantur</strong></span> 
     </span>
     <span class='ocr_line' id='line_1_6' title="bbox 704 780 2262 863; baseline 0.002 -22"><span class='ocrx_word' id='word_1_34' title='bbox 704 780 861 842; x_wconf 87' lang='lat' dir='ltr'><strong>inter</strong></span> <span class='ocrx_word' id='word_1_35' title='bbox 905 802 986 855; x_wconf 89' lang='lat' dir='ltr'><strong>se,</strong></span> <span class='ocrx_word' id='word_1_36' title='bbox 1041 781 1253 841; x_wconf 86' lang='lat' dir='ltr'><strong>validis</strong></span> <span class='ocrx_word' id='word_1_37' title='bbox 1297 785 1490 844; x_wconf 87' lang='lat' dir='ltr'><strong>facere</strong></span> <span class='ocrx_word' id='word_1_38' title='bbox 1535 783 1600 843; x_wconf 93' lang='lat' dir='ltr'><strong>id</strong></span> <span class='ocrx_word' id='word_1_39' title='bbox 1644 783 1992 863; x_wconf 88' lang='lat' dir='ltr'>cogentibus</span> <span class='ocrx_word' id='word_1_40' title='bbox 2037 784 2262 858; x_wconf 84' lang='lat' dir='ltr'><strong>austriS,</strong></span> 
     </span>
     <span class='ocr_line' id='line_1_7' title="bbox 702 867 2628 949; baseline 0.001 -19"><span class='ocrx_word' id='word_1_41' title='bbox 702 867 906 931; x_wconf 84' lang='lat' dir='ltr'><strong>donec</strong></span> <span class='ocrx_word' id='word_1_42' title='bbox 950 870 1208 931; x_wconf 87' lang='lat' dir='ltr'><strong>flammai</strong></span> <span class='ocrx_word' id='word_1_43' title='bbox 1253 872 1545 932; x_wconf 86' lang='lat' dir='ltr'><strong>fulserunt</strong></span> <span class='ocrx_word' id='word_1_44' title='bbox 1589 873 1733 932; x_wconf 90' lang='lat' dir='ltr'><strong>flore</strong></span> <span class='ocrx_word' id='word_1_45' title='bbox 1776 874 2023 934; x_wconf 83' lang='lat' dir='ltr'><strong>coort0.’</strong></span> <span class='ocrx_word' id='word_1_46' title='bbox 2488 891 2628 949; x_wconf 91' lang='lat'><strong>900</strong></span> 
     </span>
     <span class='ocr_line' id='line_1_8' title="bbox 702 959 2290 1040; baseline 0.001 -20"><span class='ocrx_word' id='word_1_47' title='bbox 702 959 942 1032; x_wconf 85' lang='lat' dir='ltr'><strong>scilicet,</strong></span> <span class='ocrx_word' id='word_1_48' title='bbox 994 970 1054 1020; x_wconf 90' lang='lat' dir='ltr'><strong>et</strong></span> <span class='ocrx_word' id='word_1_49' title='bbox 1097 979 1221 1020; x_wconf 91' lang='lat' dir='ltr'><strong>non</strong></span> <span class='ocrx_word' id='word_1_50' title='bbox 1264 971 1356 1020; x_wconf 90' lang='lat' dir='ltr'><strong>est</strong></span> <span class='ocrx_word' id='word_1_51' title='bbox 1399 959 1577 1038; x_wconf 88' lang='lat' dir='ltr'><strong>lignis</strong></span> <span class='ocrx_word' id='word_1_52' title='bbox 1621 971 1822 1020; x_wconf 88' lang='lat' dir='ltr'><strong>tamen</strong></span> <span class='ocrx_word' id='word_1_53' title='bbox 1867 959 2074 1021; x_wconf 89' lang='lat' dir='ltr'><strong>insitus</strong></span> <span class='ocrx_word' id='word_1_54' title='bbox 2118 960 2290 1040; x_wconf 80' lang='lat' dir='ltr'><strong>igniS,</strong></span> 
     </span>
     <span class='ocr_line' id='line_1_9' title="bbox 704 1047 2188 1124; baseline 0.002 -17"><span class='ocrx_word' id='word_1_55' title='bbox 704 1068 911 1108; x_wconf 86' lang='lat' dir='ltr'><strong>verum</strong></span> <span class='ocrx_word' id='word_1_56' title='bbox 960 1047 1187 1109; x_wconf 86' lang='lat' dir='ltr'><strong>semina</strong></span> <span class='ocrx_word' id='word_1_57' title='bbox 1233 1059 1371 1110; x_wconf 91' lang='lat' dir='ltr'><strong>sunt</strong></span> <span class='ocrx_word' id='word_1_58' title='bbox 1413 1048 1641 1110; x_wconf 88' lang='lat' dir='ltr'><strong>ardoris</strong></span> <span class='ocrx_word' id='word_1_59' title='bbox 1686 1052 1889 1124; x_wconf 88' lang='lat' dir='ltr'><strong>multa,</strong></span> <span class='ocrx_word' id='word_1_60' title='bbox 1937 1053 2188 1110; x_wconf 90' lang='lat' dir='ltr'><strong>terendo</strong></span> 
     </span>
    </p>
   </div>
   <div class='ocr_carea' id='block_1_4' title="bbox 697 1136 2619 1838">
    <p class='ocr_par' dir='ltr' id='par_1_4' title="bbox 704 1136 2260 1214">
     <span class='ocr_line' id='line_1_10' title="bbox 704 1136 2260 1214; baseline 0.003 -18"><span class='ocrx_word' id='word_1_61' title='bbox 704 1156 860 1214; x_wconf 91' lang='lat' dir='ltr'><strong>quae</strong></span> <span class='ocrx_word' id='word_1_62' title='bbox 906 1156 1059 1199; x_wconf 90' lang='lat' dir='ltr'><strong>cum·</strong></span> <span class='ocrx_word' id='word_1_63' title='bbox 1090 1139 1444 1211; x_wconf 85' lang='lat' dir='ltr'><strong>confluxere,</strong></span> <span class='ocrx_word' id='word_1_64' title='bbox 1495 1147 1702 1198; x_wconf 89' lang='lat' dir='ltr'><strong>creant</strong></span> <span class='ocrx_word' id='word_1_65' title='bbox 1746 1136 2023 1201; x_wconf 88' lang='lat' dir='ltr'><strong>incendia</strong></span> <span class='ocrx_word' id='word_1_66' title='bbox 2068 1138 2260 1200; x_wconf 81' lang='lat' dir='ltr'><strong>silvis:</strong></span> 
     </span>
    </p>

    <p class='ocr_par' dir='ltr' id='par_1_5' title="bbox 698 1225 2264 1302">
     <span class='ocr_line' id='line_1_11' title="bbox 698 1225 2264 1302; baseline 0.001 -16"><span class='ocrx_word' id='word_1_67' title='bbox 698 1227 869 1302; x_wconf 89' lang='lat' dir='ltr'><strong>quod</strong></span> <span class='ocrx_word' id='word_1_68' title='bbox 918 1226 967 1286; x_wconf 91' lang='lat' dir='ltr'><strong>si</strong></span> <span class='ocrx_word' id='word_1_69' title='bbox 1012 1228 1167 1288; x_wconf 86' lang='lat' dir='ltr'><strong>facta</strong></span> <span class='ocrx_word' id='word_1_70' title='bbox 1209 1228 1363 1287; x_wconf 86' lang='lat' dir='ltr'><strong>foret</strong></span> <span class='ocrx_word' id='word_1_71' title='bbox 1409 1225 1570 1288; x_wconf 90' lang='lat' dir='ltr'><strong>silvis</strong></span> <span class='ocrx_word' id='word_1_72' title='bbox 1614 1227 1966 1288; x_wconf 87' lang='lat' dir='ltr'><strong>abscondita</strong></span> <span class='ocrx_word' id='word_1_73' title='bbox 2011 1228 2264 1302; x_wconf 84' lang='lat' dir='ltr'><strong>flamma,</strong></span> 
     </span>
    </p>

    <p class='ocr_par' dir='ltr' id='par_1_6' title="bbox 699 1313 2619 1482">
     <span class='ocr_line' id='line_1_12' title="bbox 703 1313 2619 1396; baseline 0.002 -22"><span class='ocrx_word' id='word_1_74' title='bbox 703 1334 831 1375; x_wconf 88' lang='lat' dir='ltr'><strong>non</strong></span> <span class='ocrx_word' id='word_1_75' title='bbox 876 1326 1121 1392; x_wconf 87' lang='lat' dir='ltr'><strong>possent</strong></span> <span class='ocrx_word' id='word_1_76' title='bbox 1166 1317 1351 1376; x_wconf 91' lang='lat' dir='ltr'><strong>ullum</strong></span> <span class='ocrx_word' id='word_1_77' title='bbox 1399 1326 1635 1394; x_wconf 89' lang='lat' dir='ltr'><strong>tempus</strong></span> <span class='ocrx_word' id='word_1_78' title='bbox 1682 1315 1924 1376; x_wconf 83' lang='lat' dir='ltr'><strong>celarier</strong></span> <span class='ocrx_word' id='word_1_79' title='bbox 1968 1313 2154 1393; x_wconf 87' lang='lat' dir='ltr'><strong>ignes,</strong></span> <span class='ocrx_word' id='word_1_80' title='bbox 2489 1336 2619 1396; x_wconf 86' lang='lat'><strong>905</strong></span> 
     </span>
     <span class='ocr_line' id='line_1_13' title="bbox 699 1402 2217 1482; baseline 0.001 -19"><span class='ocrx_word' id='word_1_81' title='bbox 699 1405 1069 1464; x_wconf 88' lang='lat' dir='ltr'><strong>conficerent</strong></span> <span class='ocrx_word' id='word_1_82' title='bbox 1114 1407 1292 1482; x_wconf 89' lang='lat' dir='ltr'><strong>volgo</strong></span> <span class='ocrx_word' id='word_1_83' title='bbox 1338 1402 1531 1477; x_wconf 81' lang='lat' dir='ltr'><strong>silvaS,</strong></span> <span class='ocrx_word' id='word_1_84' title='bbox 1582 1405 1822 1464; x_wconf 87' lang='lat' dir='ltr'><strong>arbusta</strong></span> <span class='ocrx_word' id='word_1_85' title='bbox 1865 1415 2217 1466; x_wconf 87' lang='lat' dir='ltr'><strong>cremarent.</strong></span> 
     </span>
    </p>

    <p class='ocr_par' dir='ltr' id='par_1_7' title="bbox 704 1489 2305 1660">
     <span class='ocr_line' id='line_1_14' title="bbox 704 1489 2305 1570; baseline 0.001 -18"><span class='ocrx_word' id='word_1_86' title='bbox 704 1489 902 1552; x_wconf 84' lang='lat' dir='ltr'><strong>iamne</strong></span> <span class='ocrx_word' id='word_1_87' title='bbox 949 1492 1117 1552; x_wconf 91' lang='lat' dir='ltr'><strong>vides</strong></span> <span class='ocrx_word' id='word_1_88' title='bbox 1160 1493 1357 1570; x_wconf 87' lang='lat' dir='ltr'><strong>igitur,</strong></span> <span class='ocrx_word' id='word_1_89' title='bbox 1406 1495 1587 1570; x_wconf 88' lang='lat' dir='ltr'><strong>paulo</strong></span> <span class='ocrx_word' id='word_1_90' title='bbox 1634 1495 1802 1570; x_wconf 91' lang='lat' dir='ltr'><strong>quod</strong></span> <span class='ocrx_word' id='word_1_91' title='bbox 1848 1492 2104 1554; x_wconf 88' lang='lat' dir='ltr'><strong>diximus</strong></span> <span class='ocrx_word' id='word_1_92' title='bbox 2148 1503 2305 1566; x_wconf 84' lang='lat' dir='ltr'><strong>ante,</strong></span> 
     </span>
     <span class='ocr_line' id='line_1_15' title="bbox 706 1580 2132 1660; baseline 0.002 -21"><span class='ocrx_word' id='word_1_93' title='bbox 706 1580 1017 1658; x_wconf 86' lang='lat' dir='ltr'><strong>permagni</strong></span> <span class='ocrx_word' id='word_1_94' title='bbox 1064 1584 1279 1640; x_wconf 90' lang='lat' dir='ltr'><strong>referre</strong></span> <span class='ocrx_word' id='word_1_95' title='bbox 1328 1583 1540 1641; x_wconf 87' lang='lat' dir='ltr'><strong>eadem</strong></span> <span class='ocrx_word' id='word_1_96' title='bbox 1585 1581 1912 1660; x_wconf 86' lang='lat' dir='ltr'><strong>primordia</strong></span> <span class='ocrx_word' id='word_1_97' title='bbox 1956 1603 2132 1660; x_wconf 87' lang='lat' dir='ltr'><strong>saepe</strong></span> 
     </span>
    </p>

    <p class='ocr_par' dir='ltr' id='par_1_8' title="bbox 704 1669 2192 1748">
     <span class='ocr_line' id='line_1_16' title="bbox 704 1669 2192 1748; baseline 0.001 -20"><span class='ocrx_word' id='word_1_98' title='bbox 704 1687 843 1728; x_wconf 90' lang='lat' dir='ltr'><strong>cum</strong></span> <span class='ocrx_word' id='word_1_99' title='bbox 891 1669 1107 1746; x_wconf 90' lang='lat' dir='ltr'><strong>quibus</strong></span> <span class='ocrx_word' id='word_1_100' title='bbox 1155 1680 1213 1729; x_wconf 91' lang='lat' dir='ltr'><strong>et</strong></span> <span class='ocrx_word' id='word_1_101' title='bbox 1258 1669 1420 1746; x_wconf 91' lang='lat' dir='ltr'><strong>quali</strong></span> <span class='ocrx_word' id='word_1_102' title='bbox 1465 1669 1730 1748; x_wconf 87' lang='lat' dir='ltr'><strong>positura</strong></span> <span class='ocrx_word' id='word_1_103' title='bbox 1774 1670 2192 1732; x_wconf 87' lang='lat' dir='ltr'><strong>contineantur</strong></span> 
     </span>
    </p>

    <p class='ocr_par' dir='ltr' id='par_1_9' title="bbox 697 1757 2618 1838">
     <span class='ocr_line' id='line_1_17' title="bbox 697 1757 2618 1838; baseline 0.001 -22"><span class='ocrx_word' id='word_1_104' title='bbox 697 1767 766 1816; x_wconf 86' lang='lat' dir='ltr'><strong>et</strong></span> <span class='ocrx_word' id='word_1_105' title='bbox 811 1776 959 1834; x_wconf 89' lang='lat' dir='ltr'><strong>quos</strong></span> <span class='ocrx_word' id='word_1_106' title='bbox 1005 1757 1160 1818; x_wconf 89' lang='lat' dir='ltr'><strong>inter</strong></span> <span class='ocrx_word' id='word_1_107' title='bbox 1207 1778 1270 1819; x_wconf 89' lang='lat' dir='ltr'><strong>se</strong></span> <span class='ocrx_word' id='word_1_108' title='bbox 1316 1759 1464 1818; x_wconf 90' lang='lat' dir='ltr'><strong>dent</strong></span> <span class='ocrx_word' id='word_1_109' title='bbox 1507 1769 1708 1819; x_wconf 89' lang='lat' dir='ltr'><strong>motus</strong></span> <span class='ocrx_word' id='word_1_110' title='bbox 1751 1759 2180 1838; x_wconf 84' lang='lat' dir='ltr'><strong>accipiantque,</strong></span> <span class='ocrx_word' id='word_1_111' title='bbox 2485 1779 2618 1838; x_wconf 85' lang='lat'><strong>9¹0</strong></span> 
     </span>
    </p>
   </div>
   <div class='ocr_carea' id='block_1_5' title="bbox 696 2004 1615 3703">
    <p class='ocr_par' dir='ltr' id='par_1_10' title="bbox 696 2004 1612 2639">
     <span class='ocr_line' id='line_1_18' title="bbox 778 2004 1610 2070; baseline 0 -16"><span class='ocrx_word' id='word_1_112' title='bbox 778 2004 957 2070; x_wconf 84' lang='lat'><strong>895·6.</strong></span> <span class='ocrx_word' id='word_1_113' title='bbox 1018 2007 1321 2056; x_wconf 82' lang='lat' dir='ltr'><strong>Brevissima</strong></span> <span class='ocrx_word' id='word_1_114' title='bbox 1370 2006 1610 2056; x_wconf 81' lang='lat' dir='ltr'><strong>enuncia-</strong></span> 
     </span>
     <span class='ocr_line' id='line_1_19' title="bbox 697 2077 1608 2127; baseline 0 -1"><span class='ocrx_word' id='word_1_115' title='bbox 697 2078 851 2127; x_wconf 74' lang='lat' dir='ltr'><strong>zione</strong></span> <span class='ocrx_word' id='word_1_116' title='bbox 888 2077 1024 2127; x_wconf 88' lang='lat' dir='ltr'><strong>della</strong></span> <span class='ocrx_word' id='word_1_117' title='bbox 1063 2077 1221 2127; x_wconf 88' lang='lat' dir='ltr'><strong>teoria</strong></span> <span class='ocrx_word' id='word_1_118' title='bbox 1257 2077 1392 2127; x_wconf 84' lang='lat' dir='ltr'><strong>della</strong></span> <span class='ocrx_word' id='word_1_119' title='bbox 1420 2077 1608 2126; x_wconf 86' lang='lat' dir='ltr'><strong>forma·</strong></span> 
     </span>
     <span class='ocr_line' id='line_1_20' title="bbox 696 2149 1611 2213; baseline 0.003 -19"><span class='ocrx_word' id='word_1_120' title='bbox 696 2150 854 2198; x_wconf 77' lang='lat' dir='ltr'><strong>zioue</strong></span> <span class='ocrx_word' id='word_1_121' title='bbox 890 2150 1026 2199; x_wconf 87' lang='lat' dir='ltr'><strong>delle</strong></span> <span class='ocrx_word' id='word_1_122' title='bbox 1049 2165 1167 2199; x_wconf 89' lang='lat' dir='ltr'><strong>cose</strong></span> <span class='ocrx_word' id='word_1_123' title='bbox 1192 2150 1449 2199; x_wconf 87' lang='lat' dir='ltr'><strong>mediante</strong></span> <span class='ocrx_word' id='word_1_124' title='bbox 1489 2149 1611 2213; x_wconf 84' lang='lat' dir='ltr'><strong>l’ag-</strong></span> 
     </span>
     <span class='ocr_line' id='line_1_21' title="bbox 707 2220 1609 2283; baseline 0.002 -16"><span class='ocrx_word' id='word_1_125' title='bbox 707 2220 1009 2283; x_wconf 85' lang='lat' dir='ltr'><strong>gregazione</strong></span> <span class='ocrx_word' id='word_1_126' title='bbox 1034 2220 1269 2269; x_wconf 88' lang='lat' dir='ltr'><strong>atomica.</strong></span> <span class='ocrx_word' id='word_1_127' title='bbox 1306 2220 1373 2269; x_wconf 89' lang='lat' dir='ltr'><strong>V.</strong></span> <span class='ocrx_word' id='word_1_128' title='bbox 1410 2220 1501 2267; x_wconf 91' lang='lat' dir='ltr'><strong>lib.</strong></span> <span class='ocrx_word' id='word_1_129' title='bbox 1542 2222 1609 2279; x_wconf 85' lang='grc' dir='ltr'><strong>ΙΙ,</strong></span> 
     </span>
     <span class='ocr_line' id='line_1_22' title="bbox 704 2290 1612 2353; baseline 0.002 -16"><span class='ocrx_word' id='word_1_130' title='bbox 704 2300 957 2353; x_wconf 82' lang='lat'><strong>700-729.</strong></span> <span class='ocrx_word' id='word_1_131' title='bbox 1012 2291 1113 2341; x_wconf 88' lang='lat' dir='ltr'><strong>Nel</strong></span> <span class='ocrx_word' id='word_1_132' title='bbox 1166 2291 1298 2340; x_wconf 91' lang='lat' dir='ltr'><strong>libro</strong></span> <span class='ocrx_word' id='word_1_133' title='bbox 1336 2294 1362 2341; x_wconf 91' lang='grc' dir='ltr'>Ι</span> <span class='ocrx_word' id='word_1_134' title='bbox 1399 2290 1432 2338; x_wconf 84' lang='lat'><strong>1’</strong></span> <span class='ocrx_word' id='word_1_135' title='bbox 1446 2307 1612 2341; x_wconf 90' lang='lat' dir='ltr'><strong>enun-</strong></span> 
     </span>
     <span class='ocr_line' id='line_1_23' title="bbox 696 2360 1612 2411; baseline 0.001 -3"><span class='ocrx_word' id='word_1_136' title='bbox 696 2360 931 2410; x_wconf 87' lang='lat' dir='ltr'><strong>-ciazione</strong></span> <span class='ocrx_word' id='word_1_137' title='bbox 965 2362 1235 2410; x_wconf 87' lang='lat' dir='ltr'><strong>sommaria</strong></span> <span class='ocrx_word' id='word_1_138' title='bbox 1272 2362 1325 2410; x_wconf 90' lang='lat' dir='ltr'><strong>di</strong></span> <span class='ocrx_word' id='word_1_139' title='bbox 1351 2361 1422 2410; x_wconf 90' lang='lat' dir='ltr'><strong>tal</strong></span> <span class='ocrx_word' id='word_1_140' title='bbox 1451 2362 1612 2411; x_wconf 83' lang='lat' dir='ltr'><strong>teoria</strong></span> 
     </span>
     <span class='ocr_line' id='line_1_24' title="bbox 704 2428 1610 2497; baseline 0.001 -17"><span class='ocrx_word' id='word_1_141' title='bbox 704 2428 737 2480; x_wconf 76' lang='grc' dir='ltr'>ὲ</span> <span class='ocrx_word' id='word_1_142' title='bbox 763 2431 1189 2497; x_wconf 84' lang='lat' dir='ltr'><strong>frequentissima.</strong></span> <span class='ocrx_word' id='word_1_143' title='bbox 1212 2431 1318 2482; x_wconf 84' lang='lat' dir='ltr'><strong>Cfr.</strong></span> <span class='ocrx_word' id='word_1_144' title='bbox 1347 2432 1575 2494; x_wconf 86' lang='lat'>196-197</span> <span class='ocrx_word' id='word_1_145' title='bbox 1599 2447 1610 2491; x_wconf 86' lang='lat'><strong>;</strong></span> 
     </span>
     <span class='ocr_line' id='line_1_25' title="bbox 706 2502 1611 2567; baseline -0.001 -15"><span class='ocrx_word' id='word_1_146' title='bbox 706 2503 904 2567; x_wconf 87' lang='lat'>633-4;</span> <span class='ocrx_word' id='word_1_147' title='bbox 947 2503 1139 2567; x_wconf 89' lang='lat'><strong>677-8;</strong></span> <span class='ocrx_word' id='word_1_148' title='bbox 1182 2502 1443 2565; x_wconf 88' lang='lat'><strong>684-686;</strong></span> <span class='ocrx_word' id='word_1_149' title='bbox 1485 2502 1611 2552; x_wconf 93' lang='lat'><strong>800-</strong></span> 
     </span>
     <span class='ocr_line' id='line_1_26' title="bbox 700 2573 1441 2639; baseline 0 -16"><span class='ocrx_word' id='word_1_150' title='bbox 700 2574 845 2633; x_wconf 82' lang='lat'><strong>801;</strong></span> <span class='ocrx_word' id='word_1_151' title='bbox 884 2573 1147 2638; x_wconf 89' lang='lat'><strong>817-819;</strong></span> <span class='ocrx_word' id='word_1_152' title='bbox 1188 2588 1441 2639; x_wconf 89' lang='lat'><strong>909·912.</strong></span> 
     </span>
    </p>

    <p class='ocr_par' dir='ltr' id='par_1_11' title="bbox 700 2644 1614 3347">
     <span class='ocr_line' id='line_1_27' title="bbox 780 2644 1610 2712; baseline -0.001 -18"><span class='ocrx_word' id='word_1_153' title='bbox 780 2644 1031 2707; x_wconf 88' lang='lat'><strong>897-914.</strong></span> <span class='ocrx_word' id='word_1_154' title='bbox 1078 2648 1166 2694; x_wconf 87' lang='lat' dir='ltr'><strong>Ma</strong></span> <span class='ocrx_word' id='word_1_155' title='bbox 1215 2662 1389 2712; x_wconf 85' lang='lat' dir='ltr'><strong>spesso</strong></span> <span class='ocrx_word' id='word_1_156' title='bbox 1426 2645 1503 2709; x_wconf 86' lang='lat' dir='ltr'><strong>gli</strong></span> <span class='ocrx_word' id='word_1_157' title='bbox 1539 2645 1610 2694; x_wconf 88' lang='lat' dir='ltr'><strong>al·</strong></span> 
     </span>
     <span class='ocr_line' id='line_1_28' title="bbox 705 2716 1610 2780; baseline -0.001 -15"><span class='ocrx_word' id='word_1_158' title='bbox 705 2718 816 2767; x_wconf 88' lang='lat' dir='ltr'><strong>beri</strong></span> <span class='ocrx_word' id='word_1_159' title='bbox 870 2717 991 2767; x_wconf 74' lang='lat' dir='ltr'><strong>nell·</strong></span> <span class='ocrx_word' id='word_1_160' title='bbox 1014 2718 1195 2766; x_wconf 85' lang='lat' dir='ltr'><strong>urtarsi</strong></span> <span class='ocrx_word' id='word_1_161' title='bbox 1249 2716 1324 2780; x_wconf 89' lang='lat' dir='ltr'><strong>gli</strong></span> <span class='ocrx_word' id='word_1_162' title='bbox 1372 2716 1464 2765; x_wconf 87' lang='lat' dir='ltr'><strong>uni</strong></span> <span class='ocrx_word' id='word_1_163' title='bbox 1514 2732 1610 2765; x_wconf 91' lang='lat' dir='ltr'><strong>con</strong></span> 
     </span>
     <span class='ocr_line' id='line_1_29' title="bbox 706 2787 1609 2853; baseline 0.001 -18"><span class='ocrx_word' id='word_1_164' title='bbox 706 2787 782 2851; x_wconf 87' lang='lat' dir='ltr'><strong>gli</strong></span> <span class='ocrx_word' id='word_1_165' title='bbox 819 2788 932 2836; x_wconf 88' lang='lat' dir='ltr'><strong>altri</strong></span> <span class='ocrx_word' id='word_1_166' title='bbox 971 2788 1237 2853; x_wconf 88' lang='lat' dir='ltr'><strong>prendono</strong></span> <span class='ocrx_word' id='word_1_167' title='bbox 1281 2787 1448 2838; x_wconf 85' lang='lat' dir='ltr'><strong>fuocO.</strong></span> <span class='ocrx_word' id='word_1_168' title='bbox 1501 2788 1609 2852; x_wconf 90' lang='lat' dir='ltr'><strong>Ap·</strong></span> 
     </span>
     <span class='ocr_line' id='line_1_30' title="bbox 708 2855 1614 2923; baseline 0.002 -18"><span class='ocrx_word' id='word_1_169' title='bbox 708 2864 903 2923; x_wconf 87' lang='lat' dir='ltr'><strong>punto:</strong></span> <span class='ocrx_word' id='word_1_170' title='bbox 958 2876 1041 2907; x_wconf 88' lang='lat' dir='ltr'><strong>ma</strong></span> <span class='ocrx_word' id='word_1_171' title='bbox 1077 2855 1157 2907; x_wconf 77' lang='grc' dir='ltr'><strong>εἰὸ</strong></span> <span class='ocrx_word' id='word_1_172' title='bbox 1195 2874 1300 2907; x_wconf 91' lang='lat' dir='ltr'><strong>non</strong></span> <span class='ocrx_word' id='word_1_173' title='bbox 1344 2858 1466 2907; x_wconf 90' lang='lat' dir='ltr'><strong>vuol</strong></span> <span class='ocrx_word' id='word_1_174' title='bbox 1504 2858 1614 2907; x_wconf 87' lang='lat' dir='ltr'><strong>dire</strong></span> 
     </span>
     <span class='ocr_line' id='line_1_31' title="bbox 703 2928 1613 2993; baseline -0.001 -16"><span class='ocrx_word' id='word_1_175' title='bbox 703 2928 802 2978; x_wconf 88' lang='lat' dir='ltr'><strong>che</strong></span> <span class='ocrx_word' id='word_1_176' title='bbox 828 2929 877 2977; x_wconf 93' lang='lat' dir='ltr'><strong>le</strong></span> <span class='ocrx_word' id='word_1_177' title='bbox 899 2930 1163 2993; x_wconf 88' lang='lat' dir='ltr'><strong>particelle</strong></span> <span class='ocrx_word' id='word_1_178' title='bbox 1200 2929 1251 2977; x_wconf 88' lang='lat' dir='ltr'><strong>di</strong></span> <span class='ocrx_word' id='word_1_179' title='bbox 1290 2928 1441 2978; x_wconf 87' lang='lat' dir='ltr'><strong>fuoco</strong></span> <span class='ocrx_word' id='word_1_180' title='bbox 1469 2930 1613 2978; x_wconf 87' lang='lat' dir='ltr'><strong>sieno</strong></span> 
     </span>
     <span class='ocr_line' id='line_1_32' title="bbox 702 2996 1614 3063; baseline 0.002 -16"><span class='ocrx_word' id='word_1_181' title='bbox 702 2996 793 3062; x_wconf 70' lang='lat' dir='ltr'><strong>gia</strong></span> <span class='ocrx_word' id='word_1_182' title='bbox 832 3002 975 3063; x_wconf 86' lang='lat' dir='ltr'><strong>negli</strong></span> <span class='ocrx_word' id='word_1_183' title='bbox 1012 3000 1187 3062; x_wconf 86' lang='lat' dir='ltr'><strong>alberi,</strong></span> <span class='ocrx_word' id='word_1_184' title='bbox 1225 3000 1368 3050; x_wconf 81' lang='lat' dir='ltr'><strong>bensi</strong></span> <span class='ocrx_word' id='word_1_185' title='bbox 1410 3001 1505 3050; x_wconf 91' lang='lat' dir='ltr'><strong>che</strong></span> <span class='ocrx_word' id='word_1_186' title='bbox 1541 3000 1614 3049; x_wconf 91' lang='lat' dir='ltr'><strong>le-</strong></span> 
     </span>
     <span class='ocr_line' id='line_1_33' title="bbox 702 3070 1612 3133; baseline 0.002 -16"><span class='ocrx_word' id='word_1_187' title='bbox 702 3084 812 3133; x_wconf 89' lang='lat' dir='ltr'><strong>gno</strong></span> <span class='ocrx_word' id='word_1_188' title='bbox 852 3087 879 3119; x_wconf 92' lang='lat' dir='ltr'><strong>e</strong></span> <span class='ocrx_word' id='word_1_189' title='bbox 918 3071 1069 3121; x_wconf 88' lang='lat' dir='ltr'><strong>fuoco</strong></span> <span class='ocrx_word' id='word_1_190' title='bbox 1104 3073 1276 3120; x_wconf 88' lang='lat' dir='ltr'><strong>hanno</strong></span> <span class='ocrx_word' id='word_1_191' title='bbox 1324 3071 1473 3120; x_wconf 88' lang='lat' dir='ltr'><strong>molti</strong></span> <span class='ocrx_word' id='word_1_192' title='bbox 1511 3070 1612 3120; x_wconf 91' lang='lat' dir='ltr'><strong>ele-</strong></span> 
     </span>
     <span class='ocr_line' id='line_1_34' title="bbox 709 3140 1613 3202; baseline 0.003 -14"><span class='ocrx_word' id='word_1_193' title='bbox 709 3140 869 3190; x_wconf 88' lang='lat' dir='ltr'><strong>menti</strong></span> <span class='ocrx_word' id='word_1_194' title='bbox 901 3143 1122 3202; x_wconf 86' lang='lat' dir='ltr'><strong>comuni,</strong></span> <span class='ocrx_word' id='word_1_195' title='bbox 1150 3158 1294 3192; x_wconf 91' lang='lat' dir='ltr'><strong>come</strong></span> <span class='ocrx_word' id='word_1_196' title='bbox 1330 3142 1490 3191; x_wconf 89' lang='lat' dir='ltr'><strong>molte</strong></span> <span class='ocrx_word' id='word_1_197' title='bbox 1518 3142 1613 3191; x_wconf 86' lang='lat' dir='ltr'><strong>let-</strong></span> 
     </span>
     <span class='ocr_line' id='line_1_35' title="bbox 707 3211 1613 3278; baseline 0.003 -19"><span class='ocrx_word' id='word_1_198' title='bbox 707 3216 817 3261; x_wconf 85' lang='lat' dir='ltr'><strong>tere</strong></span> <span class='ocrx_word' id='word_1_199' title='bbox 861 3214 1067 3261; x_wconf 86' lang='lat' dir='ltr'><strong>comuni</strong></span> <span class='ocrx_word' id='word_1_200' title='bbox 1116 3214 1288 3262; x_wconf 90' lang='lat' dir='ltr'><strong>hanno</strong></span> <span class='ocrx_word' id='word_1_201' title='bbox 1338 3213 1388 3262; x_wconf 88' lang='lat' dir='ltr'><strong>le</strong></span> <span class='ocrx_word' id='word_1_202' title='bbox 1437 3211 1613 3278; x_wconf 86' lang='lat' dir='ltr'><strong>parole</strong></span> 
     </span>
     <span class='ocr_line' id='line_1_36' title="bbox 700 3281 1215 3347; baseline 0.004 -16"><span class='ocrx_word' id='word_1_203' title='bbox 700 3282 804 3333; x_wconf 79' lang='lat' dir='ltr'><strong>che</strong></span> <span class='ocrx_word' id='word_1_204' title='bbox 841 3281 878 3330; x_wconf 89' lang='lat' dir='ltr'><strong>li</strong></span> <span class='ocrx_word' id='word_1_205' title='bbox 920 3283 1215 3347; x_wconf 84' lang='lat' dir='ltr'><strong>designano.</strong></span> 
     </span>
    </p>

    <p class='ocr_par' dir='ltr' id='par_1_12' title="bbox 707 3352 1615 3703">
     <span class='ocr_line' id='line_1_37' title="bbox 781 3352 1612 3417; baseline 0.002 -16"><span class='ocrx_word' id='word_1_206' title='bbox 781 3366 901 3415; x_wconf 87' lang='lat'><strong>900.</strong></span> <span class='ocrx_word' id='word_1_207' title='bbox 934 3352 1209 3417; x_wconf 83' lang='lat' dir='ltr'><strong>flammai:</strong></span> <span class='ocrx_word' id='word_1_208' title='bbox 1260 3354 1364 3404; x_wconf 84' lang='lat' dir='ltr'><strong>cosi</strong></span> <span class='ocrx_word' id='word_1_209' title='bbox 1418 3355 1456 3404; x_wconf 94' lang='lat' dir='ltr'><strong>il</strong></span> <span class='ocrx_word' id='word_1_210' title='bbox 1505 3355 1612 3403; x_wconf 88' lang='lat' dir='ltr'><strong>Ma-</strong></span> 
     </span>
     <span class='ocr_line' id='line_1_38' title="bbox 708 3425 1614 3490; baseline 0 -16"><span class='ocrx_word' id='word_1_211' title='bbox 708 3425 844 3475; x_wconf 83' lang='lat' dir='ltr'><strong>rullo</strong></span> <span class='ocrx_word' id='word_1_212' title='bbox 880 3440 972 3490; x_wconf 87' lang='lat' dir='ltr'><strong>per</strong></span> <span class='ocrx_word' id='word_1_213' title='bbox 994 3426 1241 3489; x_wconf 82' lang='lat' dir='ltr'><strong>flammae</strong></span> <span class='ocrx_word' id='word_1_214' title='bbox 1273 3426 1355 3477; x_wconf 89' lang='lat' dir='ltr'><strong>dei</strong></span> <span class='ocrx_word' id='word_1_215' title='bbox 1381 3426 1528 3475; x_wconf 86' lang='lat' dir='ltr'><strong>codd.</strong></span> <span class='ocrx_word' id='word_1_216' title='bbox 1567 3425 1614 3474; x_wconf 92' lang='lat'><strong>11</strong></span> 
     </span>
     <span class='ocr_line' id='line_1_39' title="bbox 710 3493 1615 3561; baseline 0.001 -16"><span class='ocrx_word' id='word_1_217' title='bbox 710 3497 900 3545; x_wconf 89' lang='lat' dir='ltr'><strong>Munro</strong></span> <span class='ocrx_word' id='word_1_218' title='bbox 938 3503 1219 3545; x_wconf 84' lang='lat' dir='ltr'><strong>rammenta</strong></span> <span class='ocrx_word' id='word_1_219' title='bbox 1247 3493 1413 3561; x_wconf 82' lang='grc' dir='ltr'><strong><em>πυρὸς</em></strong></span> <span class='ocrx_word' id='word_1_220' title='bbox 1449 3493 1615 3551; x_wconf 77' lang='grc' dir='ltr'><strong><em>ὄνθος</em></strong></span> 
     </span>
     <span class='ocr_line' id='line_1_40' title="bbox 707 3564 1614 3629; baseline 0.002 -15"><span class='ocrx_word' id='word_1_221' title='bbox 707 3567 765 3615; x_wconf 90' lang='lat' dir='ltr'><strong>di</strong></span> <span class='ocrx_word' id='word_1_222' title='bbox 802 3569 992 3619; x_wconf 90' lang='lat' dir='ltr'><strong>Omero</strong></span> <span class='ocrx_word' id='word_1_223' title='bbox 1030 3585 1060 3619; x_wconf 89' lang='lat' dir='ltr'><strong>e</strong></span> <span class='ocrx_word' id='word_1_224' title='bbox 1095 3566 1151 3615; x_wconf 89' lang='lat' dir='ltr'><strong>di</strong></span> <span class='ocrx_word' id='word_1_225' title='bbox 1192 3568 1413 3629; x_wconf 79' lang='lat' dir='ltr'><strong>EschiIO,</strong></span> <span class='ocrx_word' id='word_1_226' title='bbox 1453 3570 1548 3618; x_wconf 88' lang='lat' dir='ltr'><strong>che</strong></span> <span class='ocrx_word' id='word_1_227' title='bbox 1585 3564 1614 3616; x_wconf 79' lang='grc' dir='ltr'>ὲ</span> 
     </span>
     <span class='ocr_line' id='line_1_41' title="bbox 707 3634 1612 3703; baseline 0.002 -17"><span class='ocrx_word' id='word_1_228' title='bbox 707 3634 836 3702; x_wconf 75' lang='lat' dir='ltr'><strong>pero</strong></span> <span class='ocrx_word' id='word_1_229' title='bbox 871 3638 958 3703; x_wconf 70' lang='lat' dir='ltr'><strong>gia</strong></span> <span class='ocrx_word' id='word_1_230' title='bbox 1003 3639 1155 3688; x_wconf 86' lang='lat' dir='ltr'><strong>citato</strong></span> <span class='ocrx_word' id='word_1_231' title='bbox 1205 3640 1325 3689; x_wconf 84' lang='lat' dir='ltr'><strong>nell’</strong></span> <span class='ocrx_word' id='word_1_232' title='bbox 1346 3640 1518 3689; x_wconf 85' lang='lat' dir='ltr'><strong>Index</strong></span> <span class='ocrx_word' id='word_1_233' title='bbox 1554 3654 1612 3688; x_wconf 91' lang='lat' dir='ltr'><strong>u-</strong></span> 
     </span>
    </p>
   </div>
   <div class='ocr_carea' id='block_1_6' title="bbox 1715 1987 2623 3687">
    <p class='ocr_par' dir='ltr' id='par_1_13' title="bbox 1719 1987 2619 2128">
     <span class='ocr_line' id='line_1_42' title="bbox 1719 1987 2619 2056; baseline 0.001 -2"><span class='ocrx_word' id='word_1_234' title='bbox 1719 2005 1828 2055; x_wconf 86' lang='lat' dir='ltr'><strong>nito</strong></span> <span class='ocrx_word' id='word_1_235' title='bbox 1885 2005 1966 2054; x_wconf 79' lang='lat' dir='ltr'><strong>all·</strong></span> <span class='ocrx_word' id='word_1_236' title='bbox 1991 2005 2222 2056; x_wconf 88' lang='lat' dir='ltr'><strong>edizione</strong></span> <span class='ocrx_word' id='word_1_237' title='bbox 2283 2005 2366 2055; x_wconf 89' lang='lat' dir='ltr'><strong>del</strong></span> <span class='ocrx_word' id='word_1_238' title='bbox 2431 1987 2619 2055; x_wconf 49' lang='lat' dir='ltr'><strong>Wake-</strong></span> 
     </span>
     <span class='ocr_line' id='line_1_43' title="bbox 1719 2075 1855 2128; baseline 0.029 -4"><span class='ocrx_word' id='word_1_239' title='bbox 1719 2075 1855 2128; x_wconf 88' lang='lat' dir='ltr'><strong>field.</strong></span> 
     </span>
    </p>

    <p class='ocr_par' dir='ltr' id='par_1_14' title="bbox 1718 2150 2620 2426">
     <span class='ocr_line' id='line_1_44' title="bbox 1790 2150 2620 2210; baseline 0 -13"><span class='ocrx_word' id='word_1_240' title='bbox 1790 2162 1912 2210; x_wconf 86' lang='lat'><strong>902.</strong></span> <span class='ocrx_word' id='word_1_241' title='bbox 1958 2150 2200 2198; x_wconf 80' lang='lat' dir='ltr'><strong>terendo:</strong></span> <span class='ocrx_word' id='word_1_242' title='bbox 2253 2164 2346 2197; x_wconf 91' lang='lat' dir='ltr'><strong>uso</strong></span> <span class='ocrx_word' id='word_1_243' title='bbox 2395 2150 2620 2198; x_wconf 87' lang='lat' dir='ltr'><strong>assoluto</strong></span> 
     </span>
     <span class='ocr_line' id='line_1_45' title="bbox 1719 2219 2616 2284; baseline 0.002 -17"><span class='ocrx_word' id='word_1_244' title='bbox 1719 2220 1804 2269; x_wconf 89' lang='lat' dir='ltr'><strong>del</strong></span> <span class='ocrx_word' id='word_1_245' title='bbox 1839 2220 2108 2284; x_wconf 87' lang='lat' dir='ltr'><strong>gerundi0‚</strong></span> <span class='ocrx_word' id='word_1_246' title='bbox 2136 2220 2312 2269; x_wconf 86' lang='lat' dir='ltr'><strong>invece</strong></span> <span class='ocrx_word' id='word_1_247' title='bbox 2348 2219 2400 2267; x_wconf 93' lang='lat' dir='ltr'><strong>di</strong></span> <span class='ocrx_word' id='word_1_248' title='bbox 2439 2236 2510 2269; x_wconf 89' lang='lat' dir='ltr'><strong>un</strong></span> <span class='ocrx_word' id='word_1_249' title='bbox 2535 2234 2616 2271; x_wconf 88' lang='lat' dir='ltr'><strong>so·</strong></span> 
     </span>
     <span class='ocr_line' id='line_1_46' title="bbox 1719 2289 2614 2349; baseline -0.001 -8"><span class='ocrx_word' id='word_1_250' title='bbox 1719 2292 1970 2349; x_wconf 85' lang='lat' dir='ltr'><strong>stantivo;</strong></span> <span class='ocrx_word' id='word_1_251' title='bbox 2012 2312 2036 2334; x_wconf 73' lang='lat' dir='ltr'><strong>e</strong></span> <span class='ocrx_word' id='word_1_252' title='bbox 2080 2307 2178 2341; x_wconf 88' lang='lat' dir='ltr'><strong>con</strong></span> <span class='ocrx_word' id='word_1_253' title='bbox 2216 2291 2267 2339; x_wconf 95' lang='lat' dir='ltr'><strong>lo</strong></span> <span class='ocrx_word' id='word_1_254' title='bbox 2303 2289 2533 2341; x_wconf 83' lang='lat' dir='ltr'><strong>strofinio</strong></span> <span class='ocrx_word' id='word_1_255' title='bbox 2572 2310 2614 2340; x_wconf 72' lang='grc' dir='ltr'><strong>ι.</strong></span> 
     </span>
     <span class='ocr_line' id='line_1_47' title="bbox 1718 2362 2205 2426; baseline 0.002 -16"><span class='ocrx_word' id='word_1_256' title='bbox 1718 2362 1781 2410; x_wconf 92' lang='lat' dir='ltr'><strong>V.</strong></span> <span class='ocrx_word' id='word_1_257' title='bbox 1823 2375 1925 2426; x_wconf 87' lang='lat'><strong>312</strong></span> <span class='ocrx_word' id='word_1_258' title='bbox 1964 2362 2205 2411; x_wconf 77' lang='lat' dir='ltr'><strong>habendo·</strong></span> 
     </span>
    </p>

    <p class='ocr_par' dir='ltr' id='par_1_15' title="bbox 1715 2429 2616 2851">
     <span class='ocr_line' id='line_1_48' title="bbox 1791 2429 2616 2499; baseline -0.001 -18"><span class='ocrx_word' id='word_1_259' title='bbox 1791 2446 1912 2499; x_wconf 88' lang='lat'>904.</span> <span class='ocrx_word' id='word_1_260' title='bbox 1957 2433 2116 2496; x_wconf 87' lang='lat' dir='ltr'><em>sacta</em></span> <span class='ocrx_word' id='word_1_261' title='bbox 2137 2449 2154 2480; x_wconf 90' lang='lat'><em>:</em></span> <span class='ocrx_word' id='word_1_262' title='bbox 2211 2429 2321 2481; x_wconf 71' lang='lat' dir='ltr'><strong>cioe</strong></span> <span class='ocrx_word' id='word_1_263' title='bbox 2376 2448 2482 2481; x_wconf 88' lang='lat' dir='ltr'><strong>non</strong></span> <span class='ocrx_word' id='word_1_264' title='bbox 2537 2433 2616 2482; x_wconf 88' lang='lat' dir='ltr'><strong>nei</strong></span> 
     </span>
     <span class='ocr_line' id='line_1_49' title="bbox 1719 2502 2613 2569; baseline 0.001 -17"><span class='ocrx_word' id='word_1_265' title='bbox 1719 2504 1831 2553; x_wconf 90' lang='lat' dir='ltr'><strong>suoi</strong></span> <span class='ocrx_word' id='word_1_266' title='bbox 1869 2505 2063 2569; x_wconf 65' lang='lat' dir='ltr'><strong>semina</strong></span> <span class='ocrx_word' id='word_1_267' title='bbox 2099 2504 2225 2567; x_wconf 90' lang='lat' dir='ltr'><strong>(non</strong></span> <span class='ocrx_word' id='word_1_268' title='bbox 2275 2504 2327 2552; x_wconf 92' lang='lat' dir='ltr'><strong>in</strong></span> <span class='ocrx_word' id='word_1_269' title='bbox 2367 2502 2613 2569; x_wconf 85' lang='lat' dir='ltr'><strong>potenza),</strong></span> 
     </span>
     <span class='ocr_line' id='line_1_50' title="bbox 1720 2572 2616 2638; baseline 0 -15"><span class='ocrx_word' id='word_1_270' title='bbox 1720 2591 1804 2623; x_wconf 88' lang='lat' dir='ltr'><strong>ma</strong></span> <span class='ocrx_word' id='word_1_271' title='bbox 1855 2572 1940 2637; x_wconf 65' lang='lat' dir='ltr'><strong>gia</strong></span> <span class='ocrx_word' id='word_1_272' title='bbox 1980 2574 2034 2623; x_wconf 89' lang='lat' dir='ltr'><strong>in</strong></span> <span class='ocrx_word' id='word_1_273' title='bbox 2083 2581 2204 2635; x_wconf 85' lang='lat' dir='ltr'><strong>atto,</strong></span> <span class='ocrx_word' id='word_1_274' title='bbox 2255 2572 2340 2638; x_wconf 66' lang='lat' dir='ltr'><strong>gia</strong></span> <span class='ocrx_word' id='word_1_275' title='bbox 2389 2574 2616 2632; x_wconf 79' lang='lat' dir='ltr'><strong>formata,</strong></span> 
     </span>
     <span class='ocr_line' id='line_1_51' title="bbox 1719 2644 2615 2710; baseline 0 -17"><span class='ocrx_word' id='word_1_276' title='bbox 1719 2644 1802 2709; x_wconf 64' lang='lat' dir='ltr'><strong>gia</strong></span> <span class='ocrx_word' id='word_1_277' title='bbox 1840 2646 2142 2710; x_wconf 83' lang='lat' dir='ltr'><strong>sviluppata.</strong></span> <span class='ocrx_word' id='word_1_278' title='bbox 2169 2672 2232 2681; x_wconf 90' lang='lat'><strong>--</strong></span> <span class='ocrx_word' id='word_1_279' title='bbox 2273 2646 2418 2693; x_wconf 83' lang='lat' dir='ltr'><strong>silvis</strong></span> <span class='ocrx_word' id='word_1_280' title='bbox 2457 2667 2525 2687; x_wconf 54' lang='grc' dir='ltr'><strong><em>π</em></strong></span> <span class='ocrx_word' id='word_1_281' title='bbox 2555 2645 2615 2694; x_wconf 84' lang='lat' dir='ltr'><strong>li-</strong></span> 
     </span>
     <span class='ocr_line' id='line_1_52' title="bbox 1715 2716 2611 2780; baseline 0.002 -17"><span class='ocrx_word' id='word_1_282' title='bbox 1715 2717 1851 2780; x_wconf 80' lang='lat' dir='ltr'><strong>gnis,</strong></span> <span class='ocrx_word' id='word_1_283' title='bbox 1915 2718 2197 2773; x_wconf 86' lang='lat' dir='ltr'><strong>arboribus,</strong></span> <span class='ocrx_word' id='word_1_284' title='bbox 2261 2716 2360 2765; x_wconf 83' lang='lat' dir='ltr'><strong>abl.</strong></span> <span class='ocrx_word' id='word_1_285' title='bbox 2425 2724 2611 2776; x_wconf 87' lang='lat' dir='ltr'><strong>strum.‚</strong></span> 
     </span>
     <span class='ocr_line' id='line_1_53' title="bbox 1721 2786 2466 2851; baseline 0 -16"><span class='ocrx_word' id='word_1_286' title='bbox 1721 2786 2019 2851; x_wconf 88' lang='lat' dir='ltr'><strong>dipendenti</strong></span> <span class='ocrx_word' id='word_1_287' title='bbox 2057 2788 2121 2835; x_wconf 87' lang='lat' dir='ltr'><strong>da</strong></span> <span class='ocrx_word' id='word_1_288' title='bbox 2155 2788 2466 2835; x_wconf 82' lang='lat' dir='ltr'><strong>abscondita.</strong></span> 
     </span>
    </p>

    <p class='ocr_par' dir='ltr' id='par_1_16' title="bbox 1722 2858 2613 2991">
     <span class='ocr_line' id='line_1_54' title="bbox 1794 2858 2613 2922; baseline 0.002 -17"><span class='ocrx_word' id='word_1_289' title='bbox 1794 2858 1914 2919; x_wconf 89' lang='lat'><strong>906.</strong></span> <span class='ocrx_word' id='word_1_290' title='bbox 1943 2858 2087 2922; x_wconf 80' lang='lat' dir='ltr'><em>volgo</em></span> <span class='ocrx_word' id='word_1_291' title='bbox 2106 2874 2124 2906; x_wconf 90' lang='lat'><em>:</em></span> <span class='ocrx_word' id='word_1_292' title='bbox 2158 2878 2180 2901; x_wconf 72' lang='grc' dir='ltr'><em>α</em></span> <span class='ocrx_word' id='word_1_293' title='bbox 2211 2865 2613 2917; x_wconf 87' lang='lat' dir='ltr'><strong>comunemente,</strong></span> 
     </span>
     <span class='ocr_line' id='line_1_55' title="bbox 1722 2926 2443 2991; baseline -0.001 -14"><span class='ocrx_word' id='word_1_294' title='bbox 1722 2929 1775 2977; x_wconf 92' lang='lat' dir='ltr'><strong>di</strong></span> <span class='ocrx_word' id='word_1_295' title='bbox 1810 2928 1986 2991; x_wconf 87' lang='lat' dir='ltr'><strong>regola</strong></span> <span class='ocrx_word' id='word_1_296' title='bbox 2028 2946 2071 2986; x_wconf 75' lang='grc' dir='ltr'><strong>ι,</strong></span> <span class='ocrx_word' id='word_1_297' title='bbox 2109 2928 2198 2978; x_wconf 87' lang='lat' dir='ltr'><strong>cfr.</strong></span> <span class='ocrx_word' id='word_1_298' title='bbox 2237 2945 2285 2977; x_wconf 87' lang='lat' dir='ltr'><strong>v.</strong></span> <span class='ocrx_word' id='word_1_299' title='bbox 2324 2926 2443 2991; x_wconf 90' lang='lat'><strong>238.</strong></span> 
     </span>
    </p>

    <p class='ocr_par' dir='ltr' id='par_1_17' title="bbox 1721 2999 2619 3418">
     <span class='ocr_line' id='line_1_56' title="bbox 1794 2999 2615 3062; baseline 0 -13"><span class='ocrx_word' id='word_1_300' title='bbox 1794 3012 1914 3062; x_wconf 87' lang='lat'><strong>907.</strong></span> <span class='ocrx_word' id='word_1_301' title='bbox 1963 3000 2196 3062; x_wconf 85' lang='lat' dir='ltr'><strong>paullo...</strong></span> <span class='ocrx_word' id='word_1_302' title='bbox 2240 3006 2396 3047; x_wconf 85' lang='lat' dir='ltr'><strong>ante:</strong></span> <span class='ocrx_word' id='word_1_303' title='bbox 2451 2999 2615 3049; x_wconf 85' lang='lat' dir='ltr'><strong>allude</strong></span> 
     </span>
     <span class='ocr_line' id='line_1_57' title="bbox 1722 3069 2618 3135; baseline -0.002 -15"><span class='ocrx_word' id='word_1_304' title='bbox 1722 3072 1771 3120; x_wconf 83' lang='lat' dir='ltr'><strong>ai</strong></span> <span class='ocrx_word' id='word_1_305' title='bbox 1807 3071 1939 3120; x_wconf 88' lang='lat' dir='ltr'><strong>versi</strong></span> <span class='ocrx_word' id='word_1_306' title='bbox 1977 3069 2244 3135; x_wconf 86' lang='lat'><strong>817·819;</strong></span> <span class='ocrx_word' id='word_1_307' title='bbox 2284 3071 2403 3120; x_wconf 89' lang='lat' dir='ltr'><strong>tutti</strong></span> <span class='ocrx_word' id='word_1_308' title='bbox 2438 3070 2456 3119; x_wconf 93' lang='lat' dir='ltr'><strong>i</strong></span> <span class='ocrx_word' id='word_1_309' title='bbox 2494 3070 2618 3120; x_wconf 86' lang='lat' dir='ltr'><strong>versi</strong></span> 
     </span>
     <span class='ocr_line' id='line_1_58' title="bbox 1721 3139 2616 3208; baseline -0.001 -17"><span class='ocrx_word' id='word_1_310' title='bbox 1721 3139 1846 3208; x_wconf 76' lang='lat' dir='ltr'><strong>pero</strong></span> <span class='ocrx_word' id='word_1_311' title='bbox 1885 3141 1948 3190; x_wconf 84' lang='lat' dir='ltr'><strong>da</strong></span> <span class='ocrx_word' id='word_1_312' title='bbox 1986 3153 2089 3203; x_wconf 89' lang='lat'><strong>907</strong></span> <span class='ocrx_word' id='word_1_313' title='bbox 2129 3158 2159 3190; x_wconf 88' lang='lat' dir='ltr'><strong>a</strong></span> <span class='ocrx_word' id='word_1_314' title='bbox 2197 3154 2300 3203; x_wconf 87' lang='lat'><strong>914</strong></span> <span class='ocrx_word' id='word_1_315' title='bbox 2327 3140 2616 3206; x_wconf 87' lang='lat' dir='ltr'><strong>esprimono</strong></span> 
     </span>
     <span class='ocr_line' id='line_1_59' title="bbox 1721 3212 2619 3279; baseline -0.002 -16"><span class='ocrx_word' id='word_1_316' title='bbox 1721 3213 1959 3279; x_wconf 88' lang='lat' dir='ltr'><strong>pensiero</strong></span> <span class='ocrx_word' id='word_1_317' title='bbox 2005 3212 2164 3263; x_wconf 86' lang='lat' dir='ltr'><strong>molte</strong></span> <span class='ocrx_word' id='word_1_318' title='bbox 2207 3213 2335 3261; x_wconf 87' lang='lat' dir='ltr'><strong>altre</strong></span> <span class='ocrx_word' id='word_1_319' title='bbox 2383 3212 2522 3263; x_wconf 83' lang='lat' dir='ltr'><strong>volte</strong></span> <span class='ocrx_word' id='word_1_320' title='bbox 2557 3213 2619 3261; x_wconf 86' lang='lat' dir='ltr'><strong>ri·</strong></span> 
     </span>
     <span class='ocr_line' id='line_1_60' title="bbox 1722 3283 2618 3349; baseline -0.001 -17"><span class='ocrx_word' id='word_1_321' title='bbox 1722 3292 1934 3349; x_wconf 82' lang='lat' dir='ltr'><strong>petut03</strong></span> <span class='ocrx_word' id='word_1_322' title='bbox 1975 3283 2065 3332; x_wconf 88' lang='lat' dir='ltr'><strong>cfr.</strong></span> <span class='ocrx_word' id='word_1_323' title='bbox 2106 3284 2222 3333; x_wconf 85' lang='lat' dir='ltr'><strong>tutti</strong></span> <span class='ocrx_word' id='word_1_324' title='bbox 2258 3284 2276 3331; x_wconf 93' lang='lat' dir='ltr'><strong>i</strong></span> <span class='ocrx_word' id='word_1_325' title='bbox 2314 3283 2450 3348; x_wconf 86' lang='lat' dir='ltr'><strong>passi</strong></span> <span class='ocrx_word' id='word_1_326' title='bbox 2481 3284 2618 3333; x_wconf 75' lang='lat' dir='ltr'><strong>citati</strong></span> 
     </span>
     <span class='ocr_line' id='line_1_61' title="bbox 1723 3353 2301 3418; baseline -0.002 -15"><span class='ocrx_word' id='word_1_327' title='bbox 1723 3355 1861 3405; x_wconf 84' lang='lat' dir='ltr'><strong>nella</strong></span> <span class='ocrx_word' id='word_1_328' title='bbox 1897 3362 2020 3403; x_wconf 83' lang='lat' dir='ltr'><strong>nota</strong></span> <span class='ocrx_word' id='word_1_329' title='bbox 2056 3372 2085 3402; x_wconf 88' lang='lat' dir='ltr'><strong>a</strong></span> <span class='ocrx_word' id='word_1_330' title='bbox 2123 3353 2301 3418; x_wconf 85' lang='lat'><strong>895·6.</strong></span> 
     </span>
    </p>

    <p class='ocr_par' dir='ltr' id='par_1_18' title="bbox 1723 3427 2623 3687">
     <span class='ocr_line' id='line_1_62' title="bbox 1795 3427 2620 3491; baseline 0.001 -17"><span class='ocrx_word' id='word_1_331' title='bbox 1795 3438 1915 3491; x_wconf 90' lang='lat'><strong>909.</strong></span> <span class='ocrx_word' id='word_1_332' title='bbox 1964 3427 2329 3474; x_wconf 83' lang='lat' dir='ltr'><strong>contineantur</strong></span> <span class='ocrx_word' id='word_1_333' title='bbox 2379 3441 2472 3490; x_wconf 87' lang='lat' dir='ltr'><strong>per</strong></span> <span class='ocrx_word' id='word_1_334' title='bbox 2509 3442 2620 3475; x_wconf 89' lang='lat' dir='ltr'><strong>con·</strong></span> 
     </span>
     <span class='ocr_line' id='line_1_63' title="bbox 1724 3492 2622 3562; baseline 0.001 -16"><span class='ocrx_word' id='word_1_335' title='bbox 1724 3496 1999 3562; x_wconf 63' lang='lat' dir='ltr'><strong>tingantur</strong></span> <span class='ocrx_word' id='word_1_336' title='bbox 2044 3496 2128 3545; x_wconf 89' lang='lat' dir='ltr'><strong>dei</strong></span> <span class='ocrx_word' id='word_1_337' title='bbox 2179 3496 2324 3546; x_wconf 90' lang='lat' dir='ltr'><strong>codd.</strong></span> <span class='ocrx_word' id='word_1_338' title='bbox 2364 3492 2393 3543; x_wconf 78' lang='grc' dir='ltr'>ὲ</span> <span class='ocrx_word' id='word_1_339' title='bbox 2439 3496 2622 3547; x_wconf 83' lang='lat' dir='ltr'><strong>assicu-</strong></span> 
     </span>
     <span class='ocr_line' id='line_1_64' title="bbox 1723 3566 2623 3617; baseline 0 0"><span class='ocrx_word' id='word_1_340' title='bbox 1723 3574 1832 3617; x_wconf 86' lang='lat' dir='ltr'><strong>rato</strong></span> <span class='ocrx_word' id='word_1_341' title='bbox 1869 3584 1898 3617; x_wconf 91' lang='lat' dir='ltr'><strong>e</strong></span> <span class='ocrx_word' id='word_1_342' title='bbox 1936 3567 2020 3615; x_wconf 90' lang='lat' dir='ltr'><strong>dal</strong></span> <span class='ocrx_word' id='word_1_343' title='bbox 2058 3574 2220 3616; x_wconf 88' lang='lat' dir='ltr'><strong>metro</strong></span> <span class='ocrx_word' id='word_1_344' title='bbox 2257 3583 2287 3616; x_wconf 90' lang='lat' dir='ltr'><strong>e</strong></span> <span class='ocrx_word' id='word_1_345' title='bbox 2323 3566 2409 3615; x_wconf 90' lang='lat' dir='ltr'><strong>dal</strong></span> <span class='ocrx_word' id='word_1_346' title='bbox 2434 3566 2623 3617; x_wconf 86' lang='lat' dir='ltr'><strong>riscon-</strong></span> 
     </span>
     <span class='ocr_line' id='line_1_65' title="bbox 1723 3636 2090 3687; baseline 0.003 -1"><span class='ocrx_word' id='word_1_347' title='bbox 1723 3644 1801 3687; x_wconf 89' lang='lat' dir='ltr'><strong>tro</strong></span> <span class='ocrx_word' id='word_1_348' title='bbox 1837 3653 1935 3687; x_wconf 88' lang='lat' dir='ltr'><strong>con</strong></span> <span class='ocrx_word' id='word_1_349' title='bbox 1973 3636 2090 3687; x_wconf 91' lang='lat'><strong>818.</strong></span> 
     </span>
    </p>
   </div>
  </div>
 </body>
</html>
