2917 4275
1007 294 1093 337 me
1133 294 1353 338 Rasum
1397 293 1681 341 num.
2220 295 2250 355 7
2264 298 2301 356 3

403 418 732 499 corripiunt
774 418 1097 498 rapideque
1142 418 1362 481 rotanti
1403 418 1647 481 turbine
1687 430 1944 500 portant.

404 529 586 587 quare
632 509 811 570 etiam
855 520 1034 587 atque
1080 509 1257 570 etiam
1288 521 1425 571 sunt
1455 509 1621 571 venti
1658 530 1910 588 corpora
1939 527 2131 580 caeca,
2185 523 2306 585 295

403 601 647 677 quando
695 598 937 676 quidem
982 598 1148 660 factis
1170 608 1174 613 “
1193 609 1254 660 et
1300 599 1569 661 moribus
1614 602 1849 661 aemula
1890 598 2123 677 magnis

403 687 679 749 amnibus
722 687 1124 763 inveniuntur,
1172 699 1378 784 apegto
1424 708 1674 772 corpore
1720 688 1824 766 qui
1868 698 2024 750 sunt.

401 788 529 838 tum
573 797 753 856 porro
797 777 991 838 varios
1033 797 1232 838 rerum
1282 777 1569 839 sentimus
1612 778 1849 852 odoreS,

403 886 517 929 nec
558 876 761 928 tamen
807 869 886 928 ad
931 866 1088 927 naris
1132 865 1422 928 venientis
1467 865 1763 929 cernimus
1807 885 2095 945 umquam

402 974 517 1018 nec
558 955 782 1018 calidos
826 966 1023 1018 aestus
1064 955 1302 1032 tuimur,
1352 976 1469 1019 nec
1514 955 1731 1035 frigora
1774 956 2012 1035 quimus
2183 976 2310 1033 300

402 1221 580 1275 risulta
635 1222 700 1272 da
746 1239 818 1273 un
867 1222 997 1274 altro
1041 1240 1193 1290 passo
1250 1224 1303 1274 di

402 1295 664 1355 Lucrezio‚
702 1295 794 1354 VI,
821 1308 925 1359 443
964 1310 1139 1361 segg-z
1181 1313 1207 1340 «r
1243 1295 1311 1356 fit

406 1381 602 1431 quoque
661 1372 723 1417 ut
773 1367 1005 1415 involvat
1060 1368 1201 1415 venti
1255 1382 1306 1416 se

405 1438 624 1487 nubibus
665 1439 766 1501 epse
814 1437 1053 1489 Vertex...
1090 1438 1194 1487 Hic
1219 1437 1309 1487 ubi

402 1524 454 1559 se
496 1510 553 1558 ln
603 1516 772 1559 terras
808 1510 1007 1558 demisit
1051 1510 1304 1560 dissoluit·

402 1596 513 1645 que,
530 1581 584 1630 T
581 1580 780 1629 urbs‘m's
791 1583 1059 1630 immanem
1070 1582 1174 1630 vim
1178 1588 1308 1645 pro-

405 1653 565 1701 vomit
590 1668 636 1702 »-
662 1653 799 1703 Vedi
825 1653 861 1701 il
888 1661 1061 1703 nostro
1089 1653 1304 1703 articolo

404 1724 460 1773 in
486 1724 602 1774 Riv.
643 1724 700 1772 di
734 1704 905 1782 Filol„
944 1726 1136 1788 XXXI,
1174 1741 1225 1790 p.
1255 1732 1301 1789 5·

476 1805 596 1856 294.
617 1796 920 1860 rapideque:
945 1794 1053 1845 cosi
1079 1795 1116 1845 il
1136 1796 1306 1846 Lach-

403 1880 578 1916 mann.
605 1866 929 1929 L'Oblongus
952 1868 1218 1931 rapidique
1241 1864 1304 1932 (il

405 1936 693 2001 Quadratus
705 1937 1034 2002 rapidisque).
1049 1937 1096 1987 11
1119 1939 1303 1989 Mum-o

404 2009 605 2059 chiama
645 2010 851 2059 assurda
895 2010 946 2060 la
983 2010 1180 2059 lezione
1216 2025 1302 2058 ra·

396 2080 621 2145 pidique.
650 2081 709 2131 Io
735 2081 912 2131 dubito
932 2080 1093 2131 molto
1112 2080 1210 2130 che
1227 2080 1303 2130 sia

316 2196 327 2211 ,
403 2150 453 2200 la
496 2169 613 2202 vera
649 2150 718 2218 (v.
770 2169 858 2203 ora
909 2153 1072 2202 anche
1119 2152 1302 2202 Paul·

406 2238 430 2272 s
449 2239 482 2273 0
498 2239 534 2273 n
549 2263 562 2285 ,
620 2225 690 2273 In
735 2224 941 2274 Lucret.
985 2225 1304 2283 adversaria,

405 2296 571 2359 Lund,
616 2293 746 2357 1897
798 2312 827 2346 e
873 2295 913 2347 il
962 2302 1135 2346 nostro
1184 2296 1304 2346 arti·

404 2366 521 2416 colo
559 2382 648 2416 ora
685 2365 879 2430 citato).
928 2367 974 2417 11
1022 2374 1175 2432 poeta
1213 2383 1304 2434 per

405 2437 513 2487 dire
542 2455 565 2481 α
609 2438 628 2487 i
667 2439 803 2488 venti
845 2456 870 2482 ι
909 2439 976 2488 ha
1002 2439 1141 2489 detto
1164 2439 1308 2486 venti

401 2506 617 2566 flamina
635 2526 660 2567 ,·
697 2526 781 2558 ma
822 2517 1008 2576 poteva
1044 2510 1133 2575 poi
1172 2511 1303 2560 bene

404 2579 455 2629 al
491 2595 584 2630 suo
620 2582 856 2646 pensiero
900 2598 1035 2632 esser
1068 2589 1302 2646 presente

405 2651 520 2702 solo
543 2651 577 2700 1’
600 2651 717 2702 idea
741 2653 794 2701 di
829 2653 972 2702 venti
994 2668 1132 2702 nom.
1170 2651 1302 2718 plur.

404 2742 475 2764 ==
510 2724 651 2772 venti
678 2724 915 2788 flamina,
960 2740 990 2775 e
1032 2723 1235 2774 indurlo
1273 2739 1304 2773 a

405 2793 621 2844 scrivere
657 2796 841 2858 rapidi.
879 2795 980 2845 Nel
1017 2811 1064 2844 v.
1107 2804 1171 2860 57
1215 2796 1304 2844 ab·

298 2878 311 2891 ·
407 2865 546 2915 biam
587 2874 783 2917 trovato
833 2867 999 2915 eadem
1041 2873 1305 2931 perempta

404 2936 598 2988 riferito
637 2953 667 2987 a
702 2955 780 2987 res
801 2955 822 2989 .·
857 2937 945 2988 nel
979 2955 1027 2987 v.
1063 2950 1162 3004 190
1199 2953 1305 2986 cre·

405 3014 595 3057 scentes
632 3009 825 3059 riferito
863 3009 929 3058 ad
967 3011 1179 3059 arbusta
1214 3025 1306 3075 per

406 3077 440 3127 Γ
462 3078 703 3130 illusione
740 3081 793 3129 di
830 3080 1035 3130 arbores
1070 3080 1140 3145 (v.
1182 3090 1306 3132 nota

408 3166 439 3199 a
492 3159 669 3216 questo
725 3150 916 3217 passo).
971 3153 1048 3202 Le
1104 3152 1304 3218 ragioni

406 3221 492 3272 del
538 3224 747 3288 Brieger
787 3222 1044 3287 (Prolegg.
1091 3241 1142 3289 p.
1181 3220 1306 3288 XX)

406 3301 587 3345 contro
634 3294 687 3343 la
721 3291 1012 3360 possibilith
1042 3295 1094 3344 di
1131 3296 1306 3345 siffatti

404 3364 663 3415 solecismi
725 3366 1028 3416 varrebbero
1085 3367 1214 3426 solo,
1250 3382 1307 3417 se

405 3436 449 3485 si
506 3443 734 3488 trattasse
784 3438 836 3487 di
892 3453 961 3486 un
1016 3453 1202 3503 poema
1251 3438 1307 3487 in

407 3508 531 3572 ogni
566 3524 658 3559 sua
695 3516 838 3574 parte
874 3508 1066 3559 rifinito
1104 3525 1132 3558 e
1169 3525 1306 3559 com·

406 3579 566 3644 piuto.
599 3580 846 3631 Lucrezio
872 3587 1031 3630 stesso
1060 3580 1112 3629 in
1135 3578 1305 3630 un’ac-

407 3657 582 3702 curata
628 3652 881 3705 revisione
927 3651 1145 3703 avt-ebbe
1200 3666 1307 3702 cer-

1411 1231 1637 1276 tamente
1661 1223 1928 1275 eliminato
1952 1220 2113 1273 molte
2147 1220 2311 1273 forme

1411 1313 1440 1348 e
1497 1296 1639 1346 modi
1687 1311 1718 1346 e
1765 1295 1899 1345 forse
1946 1294 2098 1345 interi
2145 1294 2311 1356 versi;

1412 1369 1635 1418 avrebbe
1658 1372 1969 1417 certamente
1991 1367 2111 1416 dato
2132 1364 2312 1415 ordine

1411 1456 1442 1489 a
1479 1440 1616 1489 varie
1653 1439 1786 1504 parti
1834 1438 1917 1487 del
1955 1451 2176 1504 poema;
2227 1452 2312 1485 ma

1409 1511 1501 1560 noi
1554 1525 1662 1560 non
1712 1510 1990 1560 dobbiamo
2039 1507 2313 1559 sostituirci

1411 1599 1442 1631 a
1481 1583 1569 1632 lui.
1620 1583 1753 1634 Vedi
1802 1581 1964 1631 anche
2007 1596 2151 1631 verso
2191 1590 2314 1643 332.

1409 1654 1457 1703 Il
1502 1654 1818 1719 Brieger
1860 1661 2019 1703 stesso
2057 1650 2141 1701 del
2177 1658 2313 1702 resto

1409 1725 1611 1775 sembra
1665 1725 1911 1775 inclinare
1962 1724 2067 1773 alla
2114 1722 2315 1773 lezione

1409 1796 1680 1862 rapidique
1715 1794 1793 1859 (in
1830 1795 2059 1845 Iahresb.
2097 1794 2150 1843 di
2188 1795 2313 1844 Bur·

1409 1868 1539 1926 sian,
1585 1880 1736 1931 1900,
1773 1867 1990 1926 XXVII,
2029 1883 2081 1932 p.
2122 1861 2230 1930 29).

1485 1949 1603 2003 295.
1630 1940 1778 1989 etiam
1795 1945 1946 2002 atque
1963 1939 2113 1986 etiam
2125 1955 2144 1986 .·
2167 1952 2317 1987 come

1407 2026 1465 2061 se
1513 2011 1743 2061 dicesse:
1785 2028 1810 2054 ι
1834 2008 1924 2082 =tel
1970 2006 2082 2059 dito
2128 2024 2317 2059 ancora

1410 2097 1514 2131 una
1549 2082 1689 2133 volta
1730 2101 1774 2132 ι.
1822 2083 1868 2133 Ε
1907 2080 1957 2131 la
2000 2080 2316 2148 espressione

1409 2153 1713 2215 luereziana,
1727 2169 1819 2220 per
1838 2152 2153 2204 conset-mare
2174 2153 2313 2218 dopo

1409 2242 1514 2275 una
1560 2242 1729 2276 nuova
1776 2225 2168 2275 dimostrazione
2210 2239 2316 2273 una

1410 2294 1570 2347 veriti
1600 2294 1685 2362 gi&
1713 2297 1922 2347 asserita
1956 2312 1986 2345 e
2015 2296 2313 2346 dimostrato.

1410 2384 1503 2434 per
1522 2368 1573 2418 lo
1592 2369 1815 2418 innanzi.
1841 2393 1903 2403 —-
1925 2382 2098 2417 eaeca:
2124 2383 2169 2417 v.
2191 2373 2314 2418 nota

1412 2441 1463 2489 al
1499 2456 1646 2491 verso
1685 2449 1803 2502 277.
2176 2490 2181 2501 ,

1487 2520 1605 2574 297.
1660 2517 1835 2575 aperto
1857 2524 1874 2557 .·
1936 2528 1961 2551 e
2013 2507 2212 2559 visibile
2265 2526 2311 2561 υ.

1409 2583 1475 2632 In
1529 2584 1620 2644 IV,
1668 2584 1773 2644 467
1835 2600 1861 2627 ε
1920 2596 2004 2630 res
2057 2594 2314 2630 secernere

1409 2660 1614 2717 apertas
1659 2656 1721 2702 ab
1770 2653 1953 2712 dubiis,
1990 2658 2199 2716 apertus
2244 2652 2314 2701 ha

1409 2722 1447 2773 il
1502 2724 1791 2791 significato
1849 2725 1902 2775 di
1959 2742 1981 2766 ι
2040 2730 2193 2784 certo,
2243 2722 2316 2773 si-

1411 2811 1533 2846 curo
1575 2814 1619 2858 ι,
1659 2812 1743 2845 ma
1779 2810 1981 2863 sempre
2004 2794 2314 2860 rampollato

1411 2868 1479 2916 da
1526 2867 1698 2933 quello
1748 2868 1801 2917 di
1844 2887 1866 2910 c
1908 2874 2200 2917 veramente
2242 2866 2317 2916 vi·

1410 2946 1491 2988 sto
1543 2956 1586 3002 t,
1637 2953 1783 2989 come
1838 2938 2016 2989 risulta
2071 2938 2139 2988 da
2187 2945 2315 2988 tutto

1410 3009 1448 3059 il
1494 3023 1677 3075 pass03
1732 3011 1821 3060 cfr.
1859 3010 1952 3069 IV,
2002 3007 2106 3074 596
2149 3028 2174 3054 ι
2214 3016 2318 3074 per

1412 3081 1522 3129 loca
1566 3096 1697 3146 quae
1743 3087 2005 3145 nequeunt
2046 3081 2185 3129 oculi
2236 3094 2320 3131 res

1412 3168 1619 3202 cernere
1653 3159 1857 3215 apertas
1898 3169 1943 3202 ι.

1486 3235 1607 3287 300.
1649 3224 1887 3272 tuimur:
1932 3223 2084 3274 Lucr.
2121 3223 2189 3272 ha
2228 3238 2321 3272 an-

1412 3294 1509 3345 che
1533 3297 1621 3359 1v,
1653 3306 1758 3360 359
1793 3300 2022 3352 tuantur,
2061 3295 2151 3359 IV,
2183 3306 2321 3357 1004

1413 3372 1635 3415 tuantur
1650 3385 1667 3416 .·
1707 3367 1772 3425 X,
1811 3364 1913 3429 318
1944 3372 2100 3414 tuere.
2137 3366 2320 3417 Anche

1414 3439 1616 3486 tuimur
1670 3437 1714 3488 si
1767 3445 1910 3487 ttova
1971 3436 2165 3487 altu-ove
2220 3437 2314 3500 1v,

1414 3518 1556 3571 447;
1607 3510 1700 3569 VI,
1747 3521 1867 3572 934.
1922 3510 2000 3559 Le
2045 3507 2208 3558 forme
2263 3508 2317 3558 di

1415 3580 1497 3629 tui
1530 3581 1706 3631 invece
1749 3581 1802 3628 di
1839 3580 1978 3629 tueri
2021 3579 2065 3628 si
2103 3585 2314 3630 trovano

1416 3651 1582 3704 anche
1617 3667 1792 3719 presso
1828 3651 2027 3713 Plauto,
2065 3652 2312 3712 Van-one,
