2917 4275
972 307 1056 350 DE
1101 309 1318 351 RERUM
1362 308 1643 355 NATURA.

2147 309 2267 371 175

348 436 525 497 nitier
571 434 633 494 in
679 446 953 512 terraque
997 445 1154 494 retro
1198 433 1570 512 requiescere
1617 445 1813 512 posta,

350 537 416 586 ut
443 545 550 603 per
580 543 763 601 aquas
794 543 948 601 quae
979 542 1144 584 nunc
1178 543 1374 583 rerum
1405 523 1719 585 simulacra
1748 522 2036 585 videmus.
2092 529 2260 587 1060

350 624 410 676 et
456 613 631 673 simili
674 612 903 672 ratione
948 612 1229 672 animalia
1273 631 1464 690 suppa
1507 611 1705 690 vagari

346 704 742 773 contendunt,
792 721 989 779 neque
1035 721 1213 779 posse
1259 721 1291 761 e
1338 701 1506 760 terris
1551 701 1614 761 in
1659 704 1793 762 loca
1837 702 1985 763 caeli

349 792 650 853 reccidere
697 789 973 850 inferiora
1017 790 1203 868 magis
1250 810 1429 867 quam
1475 810 1725 868 corpora
1769 801 1970 851 nostra

347 891 565 958 sponte
611 898 717 940 sua
760 878 991 957 possint
1036 878 1097 939 in
1142 879 1290 940 caeli
1337 881 1562 956 templa
1608 881 1852 955 volare;

349 969 439 1029 illi
481 989 617 1031 cum
665 968 909 1029 videant
954 970 1160 1042 solem,
1211 988 1321 1029 nos
1365 966 1559 1028 sidera
1605 966 1802 1028 noctis

2097 974 2253 1046 1055

349 1078 613 1132 cernere,
663 1069 723 1117 et
767 1056 1005 1117 alternis
1050 1056 1365 1118 nobiscum
1413 1067 1687 1134 tempora
1732 1056 1881 1118 caeli

349 1146 620 1207 dividere
667 1157 726 1206 et
770 1156 976 1206 noctes
1022 1145 1220 1223 parilis
1264 1146 1487 1223 agitare
1535 1146 1768 1207 diebus,

352 1237 461 1296 sed
507 1254 695 1295 vanus
742 1233 971 1294 stolidis
1017 1236 1167 1296 haec

346 1323 608 1403 amplexi
654 1324 820 1399 quod
864 1324 1092 1383 habent
1135 1343 1299 1401 perv.

352 1433 489 1473 nam
539 1411 803 1472 medium
848 1412 933 1472 nil
977 1431 1105 1472 esse
1151 1422 1348 1490 potest
1397 1459 1410 1473 .

2099 1434 2263 1490 1:31·ss

350 1500 611 1574 infinita;
674 1520 874 1578 neque
920 1500 1190 1573 omnino,
1239 1500 1288 1561 si
1333 1500 1450 1561 iam
1505 1503 1751 1561 medium
1793 1505 1885 1574 sit,

354 1589 542 1667 possit
584 1588 668 1649 ibi
714 1589 1032 1666 quicquam
1080 1589 1401 1651 consistere

346 1697 532 1755 quam
582 1676 791 1754 quavis
833 1678 948 1738 alia
992 1681 1173 1756 longe
1217 1679 1446 1739 ratione
1511 1725 1524 1738 .

435 1954 585 2005 1059.
628 1942 853 1992 Ordina:
902 1943 959 1992 in
998 1935 1145 1991 terrei
1178 1958 1259 1991 re·

347 2023 437 2064 tro
474 2022 628 2079 posta
648 2033 672 2072 ,·
724 2009 867 2064 cioe:
920 2015 970 2063 le
1012 2028 1128 2062 cose
1166 2015 1259 2064 che

351 2100 481 2136 sono
537 2085 675 2134 nella
726 2091 873 2153 parte
936 2084 1073 2135 della
1131 2091 1263 2135 terra

347 2166 571 2223 opposta
616 2174 647 2205 a
697 2158 801 2216 noi,
847 2163 1030 2206 stanno
1082 2157 1262 2217 ferme,

352 2245 461 2280 non
498 2228 697 2277 cadono
733 2224 856 2292 gila
896 2244 1005 2277 esse
1041 2229 1263 2277 adversa

351 2307 548 2364 urgent
578 2300 810 2363 vestig-ia,
838 2314 985 2349 come
1023 2298 1136 2348 dice
1174 2298 1261 2347 Ci-

353 2385 542 2419 cerone
582 2369 729 2433 (Rep.
756 2370 844 2429 VI,
880 2382 957 2433 13,
994 2367 1085 2434 20)
1124 2370 1261 2433 degli

352 2440 555 2489 nomini
582 2440 715 2505 posti
744 2440 793 2488 ai
831 2442 987 2490 nostri
1013 2440 1261 2506 antipodi.

435 2510 583 2560 1060.
634 2511 711 2561 Le
761 2511 1028 2575 immagini
1071 2512 1263 2561 riflesse

353 2581 478 2632 nell’
500 2597 663 2647 acqua
714 2583 763 2631 ci
810 2583 1068 2648 appaiono
1122 2598 1263 2633 rove-

352 2653 527 2703 sciate.

436 2724 586 2774 1061.
623 2732 791 2788 suppa
827 2746 899 2765 =
926 2726 1132 2789 supina.
1174 2724 1261 2773 Gli

357 2795 570 2844 animali
593 2795 728 2860 posti
754 2795 802 2844 ai
827 2797 987 2845 nostri
1008 2795 1254 2861 antipodi,

355 2866 571 2931 ‘rispetto
610 2882 641 2915 a
676 2866 765 2915 noi
812 2866 1135 2916 camminano
1174 2882 1257 2915 su-

357 2936 482 3002 pini.

435 3008 586 3057 1066.
643 3009 895 3058 alternis:
950 3025 1057 3059 avv.
1114 3024 1259 3059 come

355 3080 413 3129 in
468 3090 572 3143 524
621 3097 650 3127 e
707 3091 856 3129 1011.
913 3106 966 3114 -
1031 3086 1260 3143 tempora

352 3152 518 3200 caeli:
562 3171 584 3193 e
627 3150 677 3199 le
713 3151 934 3215 stagioni
978 3168 1020 3200 »-

435 3221 586 3284 1067.
612 3222 826 3286 agitare,
848 3237 946 3271 con
972 3221 1168 3285 oggetti
1206 3221 1260 3270 di

354 3298 531 3359 tempo
568 3315 638 3335 -—---
674 3307 838 3357 agere.
868 3320 933 3329 —
964 3299 1132 3342 noctes
1161 3301 1259 3358 pa-

357 3364 473 3413 rilis
495 3366 694 3414 diebus:
714 3359 825 3412 cioe
851 3364 1024 3413 diebus
1049 3365 1259 3413 nostris.

358 3433 557 3485 Mentre
612 3434 700 3484 noi
756 3433 996 3485 abbiamo
1061 3434 1257 3500 giorn0‚

353 3504 460 3554 essi
494 3506 667 3555 hanno
705 3512 864 3556 notte.

438 3575 773 3641 1068-1075.
828 3575 967 3627 Nell'
1002 3576 1264 3641 oblongus

355 3661 391 3696 e
427 3644 514 3696 nel
548 3662 691 3698 mser.
730 3647 817 3699 del
851 3647 1053 3699 Niccoli
1090 3647 1134 3697 si
1160 3654 1264 3697 tro-

1373 1958 1506 1992 vano
1544 1942 1655 1992 solo
1692 1942 1978 2008 iprincipii
2015 1943 2100 1993 dei
2125 1946 2269 1990 ver-ai.

1370 2013 1457 2065 Gli
1519 2013 1634 2062 altri
1696 2014 2013 2063 manoscritti
2081 2018 2269 2063 antichi

1370 2091 1652 2146 ometton0,
1707 2085 1980 2133 indicando
2029 2084 2082 2133 la
2133 2102 2277 2134 manv

1370 2172 1523 2206 canza
1571 2156 1624 2205 di
1662 2163 1772 2206 otto
1809 2172 1954 2207 verso
1991 2156 2064 2221 (4-
2104 2158 2273 2218 VIN}

1370 2230 1416 2279 Il
1478 2228 1641 2292 foglio
1714 2227 1834 2278 dell’
1863 2228 2120 2293 archetipo
2193 2246 2274 2278 era

1371 2300 1638 2349 stracciato
1680 2299 1782 2348 alla
1823 2306 1983 2364 punta
2026 2300 2112 2349 del
2153 2318 2277 2346 mar-

1370 2371 1492 2434 gine
1526 2370 1798 2432 inferiore;
1839 2367 2012 2435 percio
2036 2386 2161 2419 sono
2193 2390 2277 2434 su:-

1371 2442 1454 2490 riti
1505 2441 1578 2505 gli
1616 2442 1731 2491 altri
1781 2448 1890 2492 otto
1941 2442 2071 2492 versi
2117 2455 2273 2503 1054-

1379 2525 1507 2562 1101
1563 2512 1649 2562 del
1698 2512 1940 2563 rovescio.
1993 2515 2016 2560 1
2067 2515 2273 2579 supplu-

1372 2584 1534 2632 menti
1573 2584 1802 2649 proposti
1840 2584 1891 2632 di
1937 2584 2106 2650 questi
2145 2587 2269 2631 vers-i

1371 2670 1500 2704 sono
1549 2654 1909 2703 svariatissimi.
1969 2655 2022 2707 Si
2075 2655 2273 2719 capi-scu

1373 2726 1468 2774 che
1493 2725 1530 2774 il
1553 2733 1702 2788 poeta
1720 2726 1834 2774 dice
1854 2728 1947 2775 ebe
1967 2742 2038 2773 un
2060 2725 2125 2773 ta]
2145 2743 2273 2772 vano

1366 2812 1536 2847 errore
1577 2794 1682 2861 puo
1720 2797 1922 2861 piacere
1959 2796 2063 2860 agli
2101 2799 2273 2845 stolidi

1368 2866 1439 2932 (v.
1479 2883 1524 2917 v.
1565 2865 1724 2933 641);
1771 2863 1980 2931 giacche
2017 2866 2133 2916 dell*
2161 2867 2274 2915 infi-

1368 2939 1480 2988 nito
1517 2954 1622 2987 non
1650 2939 1699 2987 vi
1737 2935 1842 3004 pub
1868 2955 2032 2988 essere
2071 2947 2273 2991 centr=;1;

1367 3009 1433 3074 (si
1469 3010 1740 3059 rammenti
1766 3010 1859 3059 che
1895 3009 1970 3073 gli
1996 3009 2141 3059 stoici
2169 3027 2277 3059 ecc,

1366 3095 1639 3146 ponevano
1688 3080 1738 3129 la
1775 3088 1904 3130 terra
1955 3086 2129 3131 centro
2169 3083 2273 3131 rlnzl-

1367 3152 1400 3200 1²
1424 3152 1676 3211 universe,
1731 3167 1760 3201 e
1814 3147 1926 3201 eioe
1981 3158 2145 3217 punto
2201 3155 2273 3199 in*

1368 3221 1524 3284 fim03
1565 3222 1654 3273 cfr.
1693 3221 1800 3273 Cic.
1839 3224 1962 3288 Rep.
1997 3223 2087 3282 VI,
2125 3239 2177 3287 9,,
2221 3223 2277 3271 ιΞ

1368 3310 1426 3343 ea
1481 3310 1614 3357 quae
1669 3301 1744 3343 est
1796 3295 1959 3343 media
2015 3301 2065 3343 et
2118 3311 2277 3351 assur!

1369 3365 1567 3422 Tellus,
1668 3365 1848 3423 infima
1869 3362 1984 3431 est).
2008 3365 2054 3414 E
2073 3367 2281 3428 quaml-o

1369 3450 1466 3500 pur
1489 3434 1540 3484 vi
1567 3435 1703 3486 fosse
1741 3435 1778 3484 il
1817 3443 1990 3486 centro
2029 3435 2281 3484 dell'uni-

1368 3521 1530 3569 verm,
1560 3522 1666 3557 non
1704 3509 1750 3556 ν’
1774 3502 1801 3555 ὲ
1839 3506 2051 3569 ragione
2077 3522 2169 3570 per
2197 3507 2281 3551 cui

1367 3576 1420 3626 le
1448 3592 1566 3627 cose
1592 3577 1861 3628 dovessero
1892 3592 2057 3627 essere
2077 3582 2281 3625 atus-„ue

1369 3648 1421 3697 al
1458 3654 1653 3712 centr0,
1691 3644 1900 3700 anziche
1935 3648 1990 3697 in
2040 3647 2281 3713 qualsiasi
