2917 4275
692 304 779 376 64
1104 348 1109 353 .
1352 318 1414 363 τ.
1466 315 1733 362 Lucmz‘rt

688 443 1003 508 discidium
1047 464 1254 523 parere
1301 455 1361 506 et
1405 463 1592 508 nexus
1636 446 1941 505 exsolvere
1989 456 2204 523 posset.

2468 466 2591 506 220

687 535 848 611 quod
895 552 1072 607 nunc,
1121 543 1363 594 aeterno
1408 534 1550 612 quia
1592 543 1866 594 constant
1912 533 2135 594 semine
2183 552 2472 612 quaeque,

687 624 883 685 donec
925 621 1015 683 vis
1059 622 1227 697 obiit,
1276 642 1428 700 quae
1473 643 1569 683 res
1614 620 1952 684 diverberet
1997 622 2119 684 ictu

686 723 788 773 aut
830 712 988 772 intus
1032 722 1304 789 penetret
1346 732 1453 790 per
1498 711 1700 772 inania
1744 711 2169 790 dissoluatque,

687 800 909 861 nullius
955 800 1197 861 exitium
1242 801 1464 879 patitur
1509 813 1719 861 natura
1763 799 1971 863 videri.

685 901 990 969 praeterea
1035 909 1187 968 quae
1235 910 1490 968 cumque
1535 899 1829 962 vetustate
1874 901 2113 951 amovet
2157 901 2334 964 aetas,

2465 909 2584 969 225

688 978 736 1040 si
779 978 1018 1057 penitus
1063 978 1315 1056 peremit
1361 999 1720 1040 consumens
1767 979 2071 1039 materiem
2122 981 2380 1053 ornnem,

686 1070 848 1129 unde
893 1068 1150 1127 animale
1195 1087 1383 1146 genus
1427 1068 1754 1147 generatim
1802 1067 1864 1126 in
1912 1069 2137 1130 lumina
2181 1068 2336 1128 vitae

684 1157 958 1219 redducit
1002 1161 1223 1228 VenuS‚
1273 1167 1376 1218 aut
1404 1160 1761 1219 redductum
1807 1158 2059 1218 daedala
2102 1160 2278 1219 tellus

758 1402 876 1439 221.
902 1395 1157 1440 aeterna...
1187 1389 1401 1438 semine:
1425 1395 1587 1438 aeter*

686 1461 769 1510 nis
803 1460 1088 1511 seminibus.
1129 1462 1244 1513 Una
1280 1462 1417 1511 forza
1455 1468 1587 1511 este-

686 1533 820 1582 riore
857 1533 1061 1598 dunque
1086 1529 1190 1597 pub
1229 1535 1474 1598 produrre
1508 1533 1582 1581 di-

622 1647 625 1650 ,
685 1604 1015 1668 sgregazione
1052 1602 1340 1666 (discidium
1370 1601 1585 1667 parere)

686 1691 716 1724 e
752 1675 1020 1739 sciogliere
1070 1675 1107 1723 il
1156 1690 1304 1724 nesso
1361 1677 1584 1724 atomico

686 1745 873 1809 (nexus
890 1743 1182 1809 exsolvere),
1204 1744 1376 1796 sicche
1394 1747 1445 1794 la
1466 1762 1586 1796 cosa

685 1818 898 1881 perisca,
939 1834 1022 1866 ma
1065 1816 1138 1881 gli
1195 1819 1351 1867 atomi
1407 1819 1585 1868 invece

684 1904 814 1938 sono
840 1889 1016 1938 eterni.
1042 1888 1146 1938 Cfr.
1176 1889 1399 1954 Epicuro
1425 1897 1584 1939 stesso

685 1976 857 2026 presso
908 1960 1145 2025 Diogene
1198 1961 1426 2021 Laerzio,
1479 1973 1578 2020 40:

684 2034 841 2080 ταῦτα
867 2028 907 2095 (i
933 2033 1261 2096 componenti
1293 2032 1430 2080 delle
1466 2046 1584 2094 συγ-

683 2099 904 2188 κρίσεις)
929 2100 976 2152 δ’
998 2098 1132 2152 ἐστὶν
1152 2098 1318 2165 ἄτομα
1345 2098 1437 2152 καὶ
1464 2098 1584 2163 ἀμε-

684 2169 942 2260 τάβλητα,
960 2171 1102 2238 εἴπερ
1126 2170 1202 2237 μὴ
1228 2171 1397 2234 μέλλει
1417 2170 1585 2224 πάντα

684 2240 756 2300 εἷς
792 2242 849 2293 τὸ
877 2241 952 2308 μὴ
980 2241 1040 2293 ὅν
1046 2241 1458 2332 φθαρήσεσθαι,
1496 2241 1584 2294 ἅλ-

683 2313 730 2364 λ’
751 2312 995 2380 ἰσχύοντα
1023 2312 1316 2402 -finouzivsw'
1366 2312 1421 2364 ἓν
1476 2321 1585 2372 ταῖς

684 2383 944 2437 διαλύσεσι
981 2389 1085 2436 τῶν
1121 2383 1462 2451 συγκρίσεων.

758 2471 876 2522 224.
898 2459 1089 2507 videri:
1113 2478 1134 2501 e
1163 2460 1260 2508 che
1276 2459 1320 2508 si
1345 2475 1508 2524 vegga
1538 2477 1580 2508 ι.

683 2531 746 2581 In
783 2531 1028 2581 Lucrezio
1066 2546 1171 2579 non
1209 2527 1237 2580 ὲ
1273 2544 1386 2580 raro
1418 2533 1588 2579 videri

684 2616 774 2667 per
816 2620 841 2645 ο
880 2616 1016 2651 esser
1051 2603 1237 2651 veduto
1274 2620 1316 2661 ι,
1357 2602 1392 2651 il
1432 2602 1584 2667 quale

685 2673 769 2724 del
805 2681 940 2723 resto
993 2674 1037 2722 si
1089 2680 1230 2722 trova
1284 2673 1481 2739 perfino
1530 2675 1583 2723 in

684 2746 957 2796 Cicerone:
985 2744 1166 2806 (Acad.
1185 2752 1275 2806 pr.
1303 2756 1349 2804 2,
1381 2756 1463 2808 25,
1491 2743 1584 2807 81)

690 2834 713 2858 e
755 2817 848 2878 qui
877 2816 1040 2879 pisces
1087 2812 1286 2881 [neque]
1339 2816 1584 2864 videntur

683 2902 716 2935 a
752 2887 945 2938 nobis...
983 2902 1142 2951 neque
1177 2888 1277 2950 apsi
1300 2903 1394 2936 nos
1419 2889 1584 2950 suspi-

683 2974 794 3007 cere
824 2965 1044 3020 possunt
1083 2976 1127 3010 υ.

757 3027 876 3079 226.
916 3030 1127 3092 penitus
1171 3028 1425 3093 peremit:
1478 3046 1583 3079 non

684 3114 835 3151 senza
869 3102 1112 3152 ricercata
1149 3117 1428 3150 assonanza
1466 3098 1581 3164 (pa-

684 3170 993 3234 rhomoeon).
1032 3174 1108 3221 La
1147 3172 1309 3221 forma
1347 3172 1428 3221 del
1468 3189 1581 3237 pre-

685 3252 829 3294 sente
855 3245 1074 3306 peremit
1107 3259 1198 3308 per
1226 3243 1439 3306 perimit
1478 3260 1583 3292 non

685 3313 714 3364 ὲ
739 3315 851 3364 solo
884 3315 1096 3376 arcaica,
1136 3312 1283 3364 bensi
1307 3315 1474 3364 anche
1499 3315 1583 3364 del

684 3387 849 3436 latino
886 3386 1114 3446 tardivo;
1154 3386 1241 3435 cfr.
1271 3394 1479 3449 peremo
1515 3387 1580 3434 A·

686 3458 873 3523 pule10‚
937 3457 1059 3506 Met.
1124 3457 1216 3516 111,
1280 3457 1312 3504 6
1374 3455 1580 3521 (Eyss.)‚

682 3529 897 3593 peremit
941 3529 1181 3594 Ulpiano,
1220 3529 1340 3592 Dig.
1384 3530 1451 3586 11,
1502 3536 1579 3591 15,

684 3615 720 3663 4
756 3602 840 3658 M;
876 3605 1152 3663 peremunt
1185 3599 1334 3658 Plin„
1373 3599 1448 3649 N.
1489 3600 1578 3657 H„

689 3684 772 3736 33,
810 3684 841 3734 3
881 3670 1242 3722 Detlefsen.

1769 1400 1888 1453 227.
1910 1405 2073 1454 genus
2093 1392 2406 1453 generatim:
2432 1391 2595 1442 anche

1695 1471 1874 1527 questo
1937 1460 1965 1511 ὲ
2033 1462 2208 1511 voluto
2270 1462 2391 1511 dall·
2420 1471 2595 1513 autore

1693 1541 1867 1584 steSSO.
1906 1535 1965 1582 In
2006 1534 2244 1598 generale
2288 1533 2305 1583 i
2342 1535 2482 1599 poeti
2520 1534 2594 1583 la-

1694 1606 1786 1654 tini
1838 1621 2087 1654 amavano
2146 1604 2181 1652 il
2231 1606 2589 1669 parhomoeon.

1691 1677 1863 1725 Ennio
1901 1693 1966 1726 ne
2003 1672 2162 1725 lascio
2204 1677 2475 1741 esemplari
2516 1693 2594 1726 ar·

1692 1747 1960 1806 ditissimi;
2010 1748 2099 1796 cfr.
2140 1746 2268 1796 oltre
2314 1747 2355 1796 il
2394 1748 2592 1797 famoso

1696 1837 1718 1859 α
1752 1835 1779 1864 o
1812 1819 1863 1866 Τ
1858 1821 1936 1874 ite,
1981 1818 2032 1867 T
2030 1819 2127 1875 u'te,
2174 1818 2297 1865 Tati
2335 1836 2377 1877 ι,
2417 1836 2591 1884 presso

1637 1892 1643 1896 ¹
1692 1888 1798 1939 Cic.
1837 1889 1947 1937 Pro
1971 1890 2122 1937 Mur.
2169 1901 2248 1950 14,
2278 1902 2348 1952 30
2388 1909 2411 1934 e
2444 1890 2594 1939 Haut

1692 1962 1847 2009 doctis
1872 1960 2016 2008 dictis
2048 1966 2296 2009 certantes
2320 1978 2460 2009 nunc
2486 1978 2594 2009 ma-

1693 2032 1871 2080 ledicta
1909 2031 2133 2080 Miscent
2156 2048 2180 2073 ι
2221 2048 2250 2081 e
2287 2032 2433 2081 molti
2460 2034 2590 2083 altri.

1689 2103 1869 2154 Anche
1920 2103 2102 2154 Plauto
2147 2119 2212 2153 ne
2259 2100 2451 2164 abus&
2502 2104 2591 2154 cfr.

1695 2174 1840 2240 Capt.
1888 2187 1983 2237 133
2029 2195 2051 2218 c
2075 2183 2184 2233 ‚tuo
2222 2190 2450 2224 maerore
2486 2191 2593 2223 ma-

1691 2262 1852 2305 ceror,
1876 2262 2091 2295 macesco
2120 2265 2142 2287 ι
2184 2261 2291 2295 ecc.
2332 2247 2432 2296 Del
2458 2255 2592 2296 resto

1691 2317 1728 2366 il
1751 2325 1898 2382 gusto
1928 2318 2064 2381 degli
2099 2317 2318 2367 scrittori
2356 2334 2441 2367 era
2465 2334 2589 2382 que-

1690 2397 1805 2451 sto;
1843 2389 1931 2438 cfr.
1971 2389 2137 2438 infatti
2176 2389 2340 2438 anche
2377 2390 2431 2438 in
2470 2405 2590 2453 pro-

1690 2477 1760 2520 sa,
1801 2458 2063 2522 Cicerone,
2101 2460 2165 2507 ad
2207 2460 2300 2519 Qu.
2325 2456 2411 2518 fr.
2454 2473 2497 2518 1,
2536 2471 2586 2522 3,

1692 2543 1722 2594 3
1767 2550 1791 2575 ε
1827 2547 1912 2595 ego
1940 2531 2098 2595 ferus
2132 2536 2182 2579 et
2200 2532 2414 2594 ferrem
2458 2548 2501 2580 υ.
2539 2530 2588 2579 Ῑ1

1683 2603 1965 2665 generatim
1992 2600 2105 2651 vale
2134 2602 2328 2666 ‘specie
2353 2619 2445 2666 per
2471 2617 2586 2666 spe·

1691 2674 1821 2731 cie;'
1861 2670 2031 2723 sicehe
2058 2674 2276 2721 animale
2310 2688 2474 2737 genus
2504 2688 2587 2734 ge·

1689 2744 1910 2793 neratim
1948 2746 2218 2795 ‘ciascuna
2259 2745 2430 2809 specie
2476 2745 2585 2793 ani-

1692 2814 1858 2864 male!
1894 2816 1996 2865 Cfr.
2035 2831 2187 2881 sopra
2222 2831 2269 2864 v.
2310 2827 2392 2864 20.

1762 2884 1880 2936 228.
1918 2888 2179 2935 redducit:
2216 2901 2313 2936 con
2348 2887 2397 2935 la
2422 2886 2589 2950 prima

1689 2959 1875 3009 sillaba
1912 2958 2083 3022 lunga.
2122 2960 2200 3009 La
2231 2958 2389 3022 grafia
2426 2973 2532 3006 non
2558 2954 2586 3006 ὲ

1689 3037 1918 3079 costante
1955 3029 2097 3093 negli
2144 3030 2361 3079 scrittori
2403 3027 2590 3086 latini·

1690 3102 1779 3151 cfr.
1820 3097 1941 3165 pero
1967 3102 2154 3149 redduc
2179 3102 2298 3150 Ter.
2328 3100 2451 3149 Hec.
2482 3097 2582 3162 605

1689 3189 1718 3222 e
1767 3171 1979 3219 redduce
2037 3172 2141 3236 654
2190 3187 2219 3221 e
2276 3169 2380 3236 698
2436 3167 2588 3234 (ediz.

1690 3243 2072 3303 Dziatzko).
2123 3243 2298 3293 Esatto
2354 3241 2590 3291 etimolo-

1691 3316 1979 3376 gicamente
2038 3311 2066 3362 ὲ
2120 3314 2383 3372 red-duco,
2441 3329 2589 3362 come

1688 3385 1898 3442 red-do,·
1957 3385 2001 3434 si
2056 3394 2199 3435 trova
2254 3381 2377 3450 pero
2426 3383 2589 3433 anche

1691 3457 1857 3507 redidi
1900 3456 2207 3520 (redideique
2259 3455 2313 3505 C.
2359 3455 2405 3506 I.
2448 3454 2510 3505 L.
2550 3455 2592 3517 Ι,

1692 3536 1810 3592 551,
1881 3525 1982 3593 11),
2051 3543 2080 3576 e
2140 3527 2314 3593 redere
2386 3526 2592 3577 Lucilio

1689 3600 1796 3648 Sat.
1838 3612 1920 3663 29,
1961 3598 2028 3661 83
2068 3600 2138 3648 M.
2178 3623 2246 3633 —-
2296 3596 2502 3656 Venus,·
2549 3598 2588 3647 il
2635 3613 2640 3620 ·

1689 3678 1840 3736 poeta
1887 3678 2169 3720 rammenta
2218 3670 2255 3719 il
2298 3686 2392 3719 suo
2439 3684 2586 3735 proe-
