2917 4275
958 324 1043 368 1111
1088 325 1307 370 mmm
1354 325 1637 374 mrum.
2173 327 2250 389 57

346 459 409 509 at
454 468 614 509 nunc
658 446 983 510 seminibus
1027 448 1169 528 quia
1213 447 1389 512 certis
1432 468 1705 530 quaeque
1751 461 2044 527 creantur,

346 538 490 598 inde
534 537 828 598 enascitur
873 547 1052 616 atque
1098 558 1229 599 oras
1276 539 1339 598 in
1384 538 1625 601 luminis
1671 541 1806 608 exit.

2136 558 2254 620 170

348 625 627 688 materies
668 626 773 687 ubi
816 626 971 687 inest
1014 627 1299 706 cuiusque
1347 639 1408 690 et
1451 649 1703 709 corpora
1747 629 1980 708 prim3

346 726 526 794 atque
571 718 683 777 hac
727 735 792 777 re
838 728 1147 794 nequeunt
1190 737 1266 777 ex
1311 717 1591 780 omnibus
1636 718 1838 781 omnia
1881 717 2064 798 gigni,

350 806 535 888 quod⁹
560 805 733 866 certis
778 804 841 865 in
886 807 1067 866 rebus
1109 805 1264 866 inest
1308 819 1538 868 secreta
1582 809 1846 870 facultas.

350 905 654 972 praeterea
697 914 804 956 cur
848 913 987 956 vere
1031 914 1247 969 rosam,
1296 900 1592 957 frumenta
1637 898 1850 972 calore,

351 1002 495 1044 uvas
539 995 830 1045 autumno
876 983 1047 1044 fundi
1092 986 1379 1046 suadente
1424 985 1714 1060 videmus,

2135 1003 2252 1062 175

350 1071 399 1132 si
443 1092 586 1147 non,
632 1083 793 1135 certa
835 1085 943 1133 suo
989 1073 1129 1150 quia
1174 1085 1443 1153 tempore
1490 1074 1718 1136 Semina
1760 1094 1958 1136 rerum

349 1180 485 1222 cum
533 1163 966 1238 confluxerunt,
1013 1164 1218 1240 patefit
1266 1165 1431 1241 quod
1475 1183 1734 1242 cumque
1778 1174 2025 1239 creatur,

349 1251 493 1311 dum
539 1260 923 1331 tempestates
966 1252 1188 1312 adsunt
1233 1263 1295 1312 et
1340 1252 1541 1314 vivida
1584 1255 1760 1314 tellus

425 1535 539 1601 169.
596 1553 736 1586 nunc
754 1538 913 1602 .··qui
961 1553 1067 1587 non
1116 1535 1146 1588 ὲ
1199 1539 1252 1587 di

351 1616 541 1673 tempe,
593 1625 678 1657 ma
714 1606 743 1657 ὲ
782 1609 1061 1671 adoperato
1114 1608 1251 1660 nelle

351 1680 656 1744 espressioni
671 1680 994 1741 avversative,
1016 1696 1106 1745 per
1118 1697 1248 1730 scar-

353 1759 459 1800 tare
522 1767 623 1800 una
684 1752 869 1816 ipotesi
926 1752 1251 1817 precedente·

352 1830 525 1872 mente
562 1823 856 1873 enunciata:
901 1840 923 1862 c
956 1839 1038 1871 ma
1066 1840 1157 1872 ora
1177 1824 1250 1873 in·

349 1909 473 1944 vece
515 1910 558 1943 ι.
609 1891 758 1942 Verr.
801 1905 847 1951 2,
898 1902 944 1957 5,
984 1893 1083 1957 67:
1142 1913 1165 1938 e
1206 1895 1255 1944 si

351 1965 470 2013 haec
499 1979 605 2013 non
629 1965 702 2013 ad
720 1964 850 2014 cives
873 1966 951 2022 R„
986 1968 1035 2013 si
1056 1982 1160 2016 non
1186 1967 1260 2012 ad

352 2036 591 2093 homines,
629 2051 811 2084 verum
837 2038 911 2085 ad
926 2035 1105 2086 bestias
1133 2053 1249 2086 con·

349 2107 501 2172 queri
515 2106 706 2170 vellem,
725 2113 893 2159 tamen
909 2114 1053 2157 tanta
1072 2124 1249 2158 rerum

348 2178 613 2229 atrocitate
628 2187 1075 2231 commoverentur.
1090 2182 1251 2229 Nunc

346 2266 486 2310 vero,
527 2266 641 2299 cum
673 2251 856 2315 loquar
892 2253 1038 2313 apud
1055 2259 1249 2302 senato-

278 2308 297 2325 ·
349 2336 435 2371 res
465 2322 650 2386 populi
671 2323 767 2371 R...
800 2341 844 2371 »-
870 2324 934 2373 V.
964 2340 1108 2374 verso
1131 2323 1248 2387 561.

428 2402 547 2455 170.
609 2393 757 2444 inde.-
816 2394 865 2443 vi
921 2395 1251 2461 corrisponde

348 2463 475 2513 l'ubi
496 2463 577 2513 del
606 2482 651 2513 v.
678 2480 813 2529 seg-2
848 2482 871 2507 e
902 2466 953 2515 di
979 2464 1030 2515 la
1049 2467 1179 2516 dove
1204 2484 1249 2512 »-

353 2560 417 2571 --
440 2550 560 2584 oras
578 2535 635 2607 leg
656 2536 865 2584 luminis
882 2554 899 2585 .·
923 2538 1037 2587 vedi
1056 2538 1107 2586 la
1128 2543 1251 2587 nota

349 2607 399 2655 al
424 2624 472 2657 v.
494 2618 580 2655 22.
607 2608 651 2657 E
675 2607 989 2672 espressione
1015 2607 1246 2674 frequen·

351 2678 544 2729 tissima
582 2678 637 2727 in
672 2680 934 2729 Lucrezio.

428 2759 542 2811 171.
581 2748 894 2809 materies...
936 2756 986 2799 et
1030 2759 1249 2815 corpora

341 2820 547 2883 prima:
568 2839 639 2861 =
657 2822 863 2870 semina.
891 2820 1119 2886 Corpora
1135 2823 1251 2886 pri-

348 2907 433 2939 ma
468 2893 555 2956 qui
584 2906 701 2941 non
744 2908 871 2941 sono
910 2894 979 2957 gli
1018 2894 1193 2954 atomi,
1233 2894 1250 2941 i

348 2963 487 3029 quali
526 2979 616 3028 per
662 2963 713 3012 la
750 2965 973 3014 dottrina
1013 2966 1247 3031 epicurea

350 3048 457 3084 non
481 3050 611 3083 sono
638 3034 986 3098 differenziati‚
1012 3052 1042 3085 e
1070 3036 1250 3101 quindi

351 3120 455 3155 non
493 3120 717 3170 possono
762 3105 885 3155 dirsi
929 3107 1139 3172 speciali
1185 3108 1250 3156 ad

276 3176 281 3181 ’
348 3192 417 3225 1111
443 3192 599 3239 corpo
632 3176 975 3243 piuttostoche
1002 3178 1247 3240 an’altr03

348 3263 477 3297 sono
516 3248 694 3297 invece
749 3248 799 3297 le
853 3249 1016 3313 prime
1068 3249 1249 3299 forma·

353 3319 487 3368 zioni
526 3318 795 3378 atomiehe‚
832 3318 1129 3369 formazioni
1154 3320 1247 3370 che

349 3394 439 3454 pei
476 3390 527 3439 la
581 3390 779 3440 diversa
832 3391 1177 3441 collocazione
1221 3408 1250 3441 e

349 3460 513 3510 forma
550 3462 689 3526 degli
722 3464 881 3511 atomi
921 3463 1249 3527 componenti

347 3530 582 3583 riescono
618 3533 797 3583 invece
834 3533 1174 3584 differenziate
1220 3550 1249 3583 e

350 3603 626 3653 diventano
645 3605 825 3670 quindi
852 3605 867 3654 i
895 3605 1087 3654 semina
1115 3605 1249 3654 delle

348 3676 551 3740 singole
576 3691 710 3727 cose.
734 3676 1117 3743 L'espressione
1142 3692 1251 3725 cor-

1355 1544 1488 1601 pora
1519 1536 1695 1601 prima
1732 1533 1762 1586 ὲ
1798 1532 1923 1602 pero
1954 1533 2260 1587 scientifica·

1357 1620 1530 1659 mente
1567 1609 1781 1658 inesatta
1819 1609 1874 1659 in
1911 1607 1983 1659 tal
2018 1623 2185 1658 senso.

1435 1690 1549 1742 172.
1590 1679 1683 1728 hac
1719 1694 1805 1728 re.-
1845 1678 1872 1728 ὲ
1911 1679 1967 1729 in
2002 1678 2259 1730 telazione

1358 1751 1441 1802 col
1497 1751 1638 1814 quod
1685 1768 1712 1801 e
1768 1751 1881 1801 vale
1936 1750 2115 1816 quindi
2170 1765 2260 1816 per

1358 1822 1577 1872 idcirco.-
1602 1840 1625 1863 α
1651 1830 1880 1888 appunto
1901 1818 2074 1888 percio
2099 1821 2194 1873 che
2214 1838 2258 1870 υ.

1434 1902 1550 1957 175.
1609 1896 1848 1943 suadente
1865 1909 1883 1941 .·
1937 1892 1980 1942 si
2036 1893 2258 1944 riferisce

1358 1965 1522 2015 anche
1561 1981 1590 2014 a
1625 1980 1742 2013 vere
1767 1981 1796 2014 e
1823 1981 1852 2014 a
1877 1965 2071 2013 calore:
2113 1982 2138 2008 ι
2167 1979 2259 2030 per

1358 2033 1489 2086 virtu
1525 2037 1659 2086 della
1696 2036 1982 2101 primavera
2022 2055 2103 2088 ι...

1434 2105 1550 2171 176.
1594 2123 1739 2159 suo...
1779 2113 2036 2173 tempore:
2087 2125 2112 2152 ι
2156 2105 2259 2167 alla

1356 2181 1592 2246 stagione
1627 2180 1855 2247 propizia
1885 2199 1930 2229 ι.
1969 2181 2048 2230 La
2072 2178 2256 2245 produ-

1356 2254 1504 2302 zione
1542 2259 1774 2302 terrestre
1824 2267 1929 2302 non
1978 2247 2008 2301 ὲ
2055 2251 2258 2316 dunque

1356 2324 1582 2374 solt-anto
1618 2323 1838 2374 limitata
1862 2339 1953 2389 per
1974 2320 2147 2387 luogo,
2177 2338 2259 2370 ma

1358 2394 1523 2445 anche
1559 2412 1650 2461 per
1687 2403 1891 2460 tempo:
1931 2393 1969 2443 il
2007 2393 2102 2443 che
2139 2392 2260 2443 vuol

1358 2467 1467 2516 dire
1504 2466 1598 2516 che
1638 2467 1654 2515 i
1693 2467 1820 2517 semi
1848 2464 1982 2515 delle
2010 2480 2128 2515 cose
2152 2479 2259 2514 non

1358 2539 1635 2588 diuentano
1657 2537 1876 2599 seomidi,
1917 2553 1972 2586 se
1997 2552 2103 2585 non
2127 2551 2255 2585 sono

1358 2609 1575 2659 avvivati
1602 2610 1667 2657 da
1693 2609 1867 2673 quegli
1894 2606 2136 2657 elementi
2161 2605 2256 2655 che

1356 2681 1409 2730 la
1445 2681 1546 2729 tale
1583 2697 1615 2729 o
1656 2681 1706 2728 la
1745 2680 1846 2729 tale
1873 2679 2001 2728 altra
2025 2677 2258 2742 stagione

1356 2758 1506 2817 porta
1541 2767 1676 2801 seco.
1704 2753 1926 2816 Dunque
1952 2748 2256 2813 dall'accop-

1357 2823 1621 2888 piamento
1659 2823 1711 2871 di
1752 2821 1914 2883 questi
1951 2820 2095 2878 semi,
2151 2835 2257 2870 non

1357 2894 1442 2943 dal
1479 2894 1636 2951 nulla.
1677 2909 1902 2943 nascono
1937 2891 1990 2941 le
2025 2907 2161 2942 cose.

1436 2975 1550 3027 177.
1601 2971 1810 3013 creatur
1831 2981 1847 3013 .-
1896 2962 2009 3013 cioe
2047 2968 2256 3011 creatur
2347 2980 2352 2983 ·

1358 3052 1382 3084 e
1418 3037 1704 3086 seminibus.
1731 3037 1894 3086 Come
1930 3036 1974 3085 si
2002 3034 2130 3084 vede
2168 3050 2258 3083 an-

1357 3107 1451 3157 che
1485 3107 1570 3156 dal
1595 3124 1738 3157 verso
1783 3118 1896 3170 179,
1924 3106 2095 3155 allude
2133 3122 2163 3154 a
2187 3120 2257 3155 un

1354 3178 1524 3247 primo
1575 3179 1740 3228 stadio
1788 3179 1842 3227 di
1897 3178 2000 3229 vita
2047 3176 2254 3235 latente,

1358 3251 1596 3314 prodotta
1670 3250 1788 3299 dall·
1829 3248 2254 3315 accoppiamento

1357 3321 1442 3369 dei
1491 3320 1634 3380 semi,
1673 3322 1838 3371 stadio
1890 3320 1984 3369 che
2034 3320 2084 3369 la
2126 3328 2257 3369 terra

1356 3392 1642 3442 custodisce
1665 3393 2015 3457 gelosamente
2051 3390 2137 3441 nel
2163 3406 2256 3439 suo

1358 3479 1499 3522 sene,
1541 3462 1707 3513 finche
1743 3463 1833 3529 poi
1883 3463 1986 3514 alla
2023 3462 2256 3527 stagione

1356 3534 1586 3600 propizia
1633 3534 1776 3598 (dum
1827 3538 2134 3597 tempestates
2169 3532 2257 3580 ad·

1355 3605 1504 3669 sunt)
1525 3606 1568 3655 si
1607 3607 1829 3656 assicura
1855 3623 1886 3656 a
1910 3612 2092 3655 metter
2123 3602 2254 3653 fuori

1358 3678 1461 3727 alla
1497 3677 1612 3728 luce
1648 3678 1698 3727 le
1735 3685 1961 3729 creature
1991 3690 2147 3725 ancor
2183 3681 2254 3724 te·
