2917 4275
707 339 826 378 110
1363 336 1420 378 T.
1475 336 1742 379 LUCRETI
1786 336 1956 380 CARO

693 458 760 519 id
807 461 973 535 quod
1016 458 1133 518 iam
1179 479 1391 537 supera
1436 460 1545 521 tibi
1592 462 1773 538 paulo
1820 462 2192 521 ostendimus
2236 473 2394 524 ante.

697 569 835 608 nam
884 568 1083 625 neque
1128 547 1351 608 conlidi
1398 549 1527 609 sine
1572 548 1734 609 inani
1779 570 1955 628 posse
2001 549 2234 611 videtur

691 636 1016 713 quicquam
1063 657 1175 698 nec
1222 638 1409 715 frangi
1455 657 1569 700 nec
1612 638 1760 698 findi
1804 638 1865 698 in
1913 639 2055 698 bina
2103 641 2362 700 secando

693 745 811 786 nec
854 747 1065 804 capere
1111 746 1380 786 umorem
1428 746 1625 804 neque
1672 727 1816 787 item
1863 729 2161 787 manabile
2204 727 2384 805 frigus

697 834 810 874 nec
855 818 1220 892 penetralem
1266 815 1485 892 ignem,
1522 816 1738 892 quibus
1768 816 1971 876 omnia
2000 818 2425 893 conficiuntur3
2479 833 2601 895 535

693 914 759 963 et
802 924 925 980 quo
971 925 1243 981 quaeque
1287 905 1475 982 magis
1521 904 1766 965 cohibet
1807 925 1902 964 res
1946 906 2105 965 intus
2149 907 2345 980 inane,

691 1003 817 1052 tam
865 993 1050 1070 magis
1096 993 1189 1053 his
1234 995 1412 1054 rebus
1457 993 1694 1071 penitus
1739 1004 2028 1071 temptata
2072 993 2338 1055 labascit.

696 1101 838 1158 ergo
886 1082 933 1140 si
980 1081 1169 1141 solida
1214 1104 1284 1142 ac
1329 1082 1456 1142 sine
1501 1081 1664 1141 inani
1710 1102 1959 1160 corpora
2004 1083 2195 1160 prima

692 1181 838 1229 sunt
883 1170 964 1229 ita
1011 1171 1096 1231 uti
1142 1170 1337 1240 docui,
1389 1171 1507 1230 sint
1551 1172 1700 1232 haec
1742 1182 1985 1231 aeterna
2029 1183 2345 1233 necessest.

786 1262 1097 1318 Praeterea
1142 1258 1253 1319 nisi
1298 1260 1573 1320 materies
1617 1270 1857 1319 aeterna
1902 1259 2123 1334 fuisset,
2480 1279 2607 1338 540

690 1350 951 1408 antehac
995 1350 1073 1407 ad
1119 1349 1308 1408 nilum
1346 1348 1594 1426 ¹penitus
1638 1369 1733 1408 res
1778 1369 2050 1426 quaeque
2095 1348 2403 1423 redissent,

770 1621 885 1675 531.
925 1612 998 1660 Fa
1042 1611 1291 1662 difficolt&
1347 1631 1377 1662 a
1433 1614 1593 1663 molti.

695 1683 743 1733 11
779 1691 932 1748 poeta
968 1680 1072 1748 puo
1111 1684 1319 1733 riferirsi
1365 1702 1394 1733 a
1430 1683 1596 1750 485-6

697 1774 725 1797 ε
766 1755 916 1803 nulla
943 1763 1117 1817 potest
1149 1757 1228 1802 vis
1263 1756 1527 1821 stinguere
1568 1776 1591 1800 ι

693 1824 798 1874 ecc.
826 1826 914 1873 Ma
940 1822 1123 1890 poiche
1167 1826 1255 1889 qui
1294 1827 1336 1874 si
1376 1828 1597 1877 enuncia

694 1896 918 1946 soltanto
973 1897 1022 1944 la
1076 1897 1183 1957 tesi,
1242 1913 1364 1962 pare
1413 1907 1598 1963 troppo

696 1968 829 2016 forte
866 1967 1228 2016 l’ostendimus.
1281 1969 1367 2016 Ma
1403 1968 1440 2017 il
1479 1984 1596 2018 con·

697 2046 832 2089 cetto
870 2039 1005 2087 della
1043 2040 1251 2089 materia
1288 2039 1594 2089 indistrutti-

691 2110 799 2160 bile
837 2104 865 2157 ὲ
909 2110 1223 2173 largamente
1273 2111 1504 2176 spiegato
1542 2111 1597 2160 in

694 2184 734 2240 Ι,
775 2182 1024 2244 215-264,
1065 2182 1113 2230 al
1154 2182 1273 2247 qual
1304 2198 1452 2247 passo
1491 2179 1597 2247 pub

695 2252 878 2317 quindi
918 2253 1076 2300 anche
1114 2253 1320 2302 riferirsi
1359 2254 1396 2302 il
1428 2260 1596 2317 poeta.

698 2318 809 2371 Puo
846 2323 1007 2371 anche
1044 2323 1252 2372 riferirsi
1299 2342 1327 2372 a
1380 2323 1594 2387 518-19.

691 2394 742 2444 11
769 2393 1021 2452 Giussani‚
1052 2395 1227 2442 studii
1248 2395 1399 2453 lucr„
1430 2413 1481 2459 p.
1508 2408 1593 2458 42,

694 2465 842 2515 crede
869 2465 961 2513 che
987 2464 1025 2512 il
1062 2472 1206 2514 verso
1240 2466 1332 2530 ,qui
1359 2466 1434 2514 sia
1459 2466 1596 2515 fuori

691 2536 747 2584 di
784 2544 949 2600 post0,
994 2556 1016 2578 ι
1060 2531 1244 2599 poiche
1295 2532 1323 2583 ὲ
1360 2538 1596 2586 contrad-

696 2608 903 2656 dittorio
942 2607 1034 2655 che
1082 2607 1343 2669 Lucrezio,
1383 2608 1594 2657 riferen-

688 2678 805 2728 dosi
841 2695 871 2727 a
917 2694 1014 2726 una
1062 2678 1452 2729 dimostrazione
1511 2678 1596 2743 gia

693 2750 825 2808 data,
883 2749 1010 2798 ridia
1069 2752 1199 2798 senz’
1228 2749 1356 2798 altro
1414 2757 1595 2814 questa

687 2820 1079 2870 dimostrazione
1124 2839 1166 2868 ι.
1207 2821 1592 2870 Contradditto-

691 2890 798 2940 rio?
835 2891 1045 2956 Eppure
1071 2891 1320 2940 Lucrezio
1343 2891 1459 2940 suol
1486 2891 1593 2942 fare

690 2969 920 3026 appunto
976 2961 1114 3011 cosi!
1179 2962 1244 3011 Se
1293 2978 1360 3011 ne
1421 2963 1490 3011 ha
1545 2961 1596 3011 la

691 3048 847 3098 prova
871 3034 956 3082 nel
979 3034 1114 3082 libro
1133 3033 1224 3091 VI,
1240 3049 1317 3081 vv.
1338 3033 1462 3096 936-
1472 3044 1597 3099 953,

687 3118 786 3152 ove
822 3103 864 3152 si
902 3104 1133 3153 rimanda
1167 3103 1218 3152 al
1257 3104 1387 3154 libro
1424 3106 1464 3165 I,
1505 3121 1594 3170 ep-

693 3189 791 3239 pur
843 3174 886 3222 si
930 3175 1164 3240 ripetono
1212 3174 1264 3224 le
1320 3190 1477 3239 prove
1524 3176 1597 3225 ivi

686 3245 808 3293 date
844 3242 944 3308 (vv
985 3256 1084 3308 347
1104 3246 1261 3309 ·-3s6)

766 3324 883 3378 532.
934 3317 1165 3366 videtur:
1224 3336 1250 3361 α
1292 3311 1322 3364 ὲ
1359 3317 1595 3368 evidente

696 3385 791 3436 che
833 3404 877 3435 ι.

764 3466 882 3522 533.
922 3459 1172 3506 secando:
1210 3474 1258 3509 v,
1298 3459 1349 3507 la
1388 3466 1510 3509 nota
1547 3459 1596 3508 al

689 3545 737 3578 v.
779 3541 884 3591 312
924 3529 1168 3578 habendo.

765 3600 882 3664 536.
921 3602 1084 3665 magis
1106 3639 1119 3654 .
1142 3636 1154 3649 .
1178 3638 1188 3650 .
1235 3601 1397 3649 inane
1418 3618 1435 3650 .·
1484 3597 1596 3650 cioe

679 3671 810 3734 plus
846 3672 1022 3720 inanis
1058 3669 1199 3735 (gen.
1234 3669 1459 3737 neutro).

1783 1624 1901 1678 537.
1942 1614 2020 1662 his
2057 1615 2241 1661 rebus:
2280 1609 2390 1660 cioe
2420 1613 2609 1678 plagae

1705 1683 1776 1750 (v.
1820 1683 1962 1749 528),
2004 1700 2168 1741 umor,
2205 1683 2410 1748 frigus,
2473 1685 2611 1748 ignis

1703 1756 1774 1820 (v·
1817 1758 1958 1819 535)·
2428 1826 2438 1836 ‚

1780 1825 2028 1890 538-539.
2087 1826 2163 1874 La
2214 1826 2543 1875 conclusmne
2581 1821 2612 1874 ὲ

1703 1898 1975 1962 legittima.
2003 1897 2068 1946 Se
2095 1895 2133 1944 il
2157 1899 2322 1961 perire
2355 1897 2438 1947 dei
2466 1897 2610 1962 corpi

1703 1969 1927 2034 dipende
1988 1967 2122 2016 dalla
2178 1968 2378 2017 interna
2434 1976 2611 2016 conte-

1704 2055 1863 2089 nenza
1899 2039 1984 2087 del
2029 2046 2199 2094 ναοῖο,
2252 2039 2325 2103 gli
2370 2038 2615 2088 elementi

1702 2110 1870 2177 primi,
1893 2111 1988 2159 che
2011 2110 2099 2159 nol
2124 2118 2464 2175 contengonO,
2483 2124 2612 2159 sono

1703 2183 2097 2231 indistruttibili.
2136 2181 2213 2229 La
2255 2178 2613 2230 indivisibili&

1703 2254 1842 2317 degli
1879 2254 2037 2302 atomi
2063 2268 2168 2302 non
2209 2253 2389 2301 risulta
2425 2251 2610 2317 quindi

1703 2325 1839 2373 dalla
1876 2324 2176 2388 piccolezza,
2217 2340 2301 2371 ma
2345 2323 2430 2372 dal
2479 2322 2610 2371 fatto

1706 2396 1800 2445 che
1839 2411 1947 2444 essa
1993 2410 2097 2443 non
2148 2394 2384 2443 contiene
2436 2403 2608 2442 νηοῖο.

1705 2466 1902 2528 Questo
1975 2466 2264 2513 dichiarava
2350 2465 2607 2529 esplicita-

1702 2544 1875 2585 mente
1911 2537 2173 2602 Epicuro:
2225 2534 2369 2584 Plac.
2415 2536 2607 2600 philos.

1703 2609 1743 2669 Ι,
1783 2620 1813 2670 3
1853 2623 1944 2655 και
1995 2604 2195 2670 εἴρηται
2245 2603 2453 2668 ἄτομος,
2506 2601 2607 2670 οὐχ

1702 2677 1781 2727 ὅτι
1818 2674 1953 2727 ἐστίν
1990 2674 2250 2741 ἐλαχίστη,
2279 2673 2387 2726 ἀλλ’
2427 2675 2505 2725 ὅτι
2541 2672 2608 2726 οὗ

1703 2746 1917 2799 δύναται
1955 2746 2238 2813 τμηθηναι,
2266 2744 2480 2811 ἀπαθής
2516 2743 2607 2797 οὗ·

1703 2836 1785 2881 σα,
1848 2816 1940 2869 καὶ
2003 2816 2257 2883 ἀμέτοχος
2319 2822 2516 2879 κενοῦ,·
2580 2835 2610 2869 e

1703 2908 1859 2941 aveva
1884 2888 1969 2956 gia
1990 2891 2269 2941 dichiarato
2288 2889 2610 2950 Democrito,

1704 2977 1882 3027 presso
1919 2962 2079 3026 Diog.
2117 2962 2178 3010 L.
2206 2961 2296 3020 IX,
2336 2975 2434 3022 44:
2475 2958 2610 3025 ἅπερ

1704 3030 1934 3099 [ἄτομα]
1962 3028 2092 3082 εἶναι
2126 3029 2312 3096 ἀπαθῆ
2336 3028 2430 3081 καὶ
2457 3028 2612 3082 ἄναλ-

1703 3101 1896 3154 λοίωτα
1935 3098 2022 3153 διὰ
2059 3099 2154 3169 τὴν
2193 3099 2523 3167 στεῤῥότητα.

1777 3186 1897 3241 540·
1907 3185 2024 3239 550.
2065 3175 2131 3225 Se
2167 3176 2219 3224 la
2257 3175 2468 3224 materia
2504 3189 2614 3223 non

1706 3247 1838 3297 fosse
1874 3253 2062 3310 eterna,
2102 3263 2132 3295 a
2170 3247 2331 3310 quest'
2349 3261 2450 3305 ora,
2490 3259 2615 3294 con·

1702 3318 1920 3368 siderato
1975 3318 2007 3365 1’
2024 3315 2229 3366 infinito
2281 3324 2455 3381 tempo
2512 3322 2616 3366 tra·

1700 3404 1888 3449 scorso‚
1951 3388 2164 3437 sarebbe
2234 3387 2462 3436 ricaduta
2523 3386 2614 3436 nel

1702 3459 1860 3518 nulla,
1900 3476 1928 3509 e
1966 3458 2003 3508 il
2041 3459 2232 3507 mondo
2283 3459 2496 3508 sarebbe
2540 3459 2609 3507 ri-

1701 3537 1838 3579 sorto
1875 3531 1960 3579 dal
1998 3528 2170 3588 nulla;
2211 3546 2293 3578 ma
2318 3526 2502 3595 poiche
2526 3544 2613 3578 so·-

1701 3598 1824 3667 pra'
1854 3601 2096 3650 abbiamo
2157 3600 2457 3650 dimostrato
2512 3599 2611 3649 che

1707 3678 1889 3737 questo
1927 3668 1956 3721 ὲ
1992 3671 2333 3737 impossibile,
2361 3688 2427 3723 ne
2449 3686 2615 3737 segue
