2917 4275
728 317 849 374 166

1396 329 1459 373 T.
1507 328 1770 372 LUCRET1
1817 329 1968 371 CARI

718 467 1027 537 praeterea
1072 456 1326 535 spatium
1374 453 1625 515 summai
1679 453 1859 515 totius
1905 473 2084 514 omne

719 547 993 623 undique
1037 546 1086 606 si
1130 546 1425 606 inclusum
1471 543 1646 606 certis
1690 543 2037 604 consisteret
2083 541 2201 603 oris

2501 548 2636 623 985

722 635 1075 714 finitumque
1120 637 1287 703 foret,
1338 632 1454 692 iam
1503 632 1678 711 copia
1722 630 1987 693 materiai

722 724 991 802 undique
1037 723 1403 801 ponderibus
1450 722 1653 782 solidis
1699 724 1995 783 confluxet
2039 722 2117 781 ad
2161 721 2367 795 imum,

726 833 841 873 nec
884 833 977 873 res
1023 815 1143 872 ulla
1187 810 1312 890 geri
1356 813 1470 871 sub
1516 811 1662 872 caeli
1709 810 1972 888 tegmine
2017 820 2234 888 posset,

721 923 837 963 nec
880 901 1032 962 fore't
1078 901 1325 961 omnino
1372 903 1603 960 caelum
1648 919 1844 976 neque
1889 897 2115 959 lumina
2157 899 2332 973 solis;

723 990 945 1069 quippe
990 990 1094 1050 ubi
1138 989 1412 1051 materies
1455 988 1651 1049 omnis
1693 991 1994 1050 cumulata
2035 986 2253 1049 iaceret

2502 1008 2640 1066 990

724 1099 799 1140 ex
842 1079 1076 1140 infinito
1122 1078 1239 1139 iam
1285 1090 1556 1156 tempore
1603 1076 1990 1152 subsidendo·

721 1395 888 1445 limite
925 1395 1165 1445 ulteriore
1200 1395 1251 1459 ι)
1278 1397 1513 1461 prolatet
1548 1396 1621 1462 gf-

702 1467 928 1532 fugium
976 1464 1028 1530 (c
1086 1467 1267 1531 spinga
1316 1483 1517 1531 sempre
1571 1468 1622 1516 al

722 1537 776 1586 di
814 1533 863 1585 Ῑὲ
887 1537 937 1586 13
974 1539 1265 1603 scappatoia
1291 1538 1384 1588 che
1422 1545 1476 1586 tu
1502 1539 1622 1587 vuoi

722 1623 920 1658 cercare
976 1609 1041 1672 ι).
1089 1609 1167 1658 La
1216 1609 1508 1674 scappatoia
1558 1605 1618 1659 e:

724 1679 898 1745 quello
935 1680 1027 1729 che
1055 1681 1141 1728 noi
1177 1696 1417 1729 avevamo
1449 1679 1622 1729 fissato

722 1765 827 1799 non
885 1766 971 1800 era
1026 1758 1243 1801 estremo
1292 1751 1477 1811 limite.
1531 1751 1620 1800 Ri-

722 1822 918 1887 sponde
968 1822 1375 1888 probabilmente
1432 1822 1496 1870 ad
1550 1837 1620 1871 un

721 1891 925 1942 sofisma
986 1893 1213 1951 formale,
1276 1900 1491 1958 questo:
1566 1909 1621 1942 se

722 1963 1063 2029 supponiamo
1101 1980 1171 2012 un
1207 1964 1371 2013 limite
1415 1964 1509 2014 che
1547 1964 1622 2012 sia

720 2042 948 2093 estremo,
992 2050 1097 2082 non
1135 2035 1184 2082 vi
1216 2032 1321 2099 pub
1358 2051 1525 2084 essere
1549 2050 1621 2084 un

721 2105 772 2155 31
826 2106 877 2155 di
925 2103 975 2155 13
1030 2105 1147 2155 dell’
1169 2113 1402 2157 estremO.
1462 2106 1508 2156 E
1555 2106 1619 2155 ri·

720 2178 919 2241 sponde
957 2177 1050 2225 che
1088 2194 1177 2241 per
1215 2192 1411 2226 cercare
1440 2183 1621 2242 questo

722 2253 954 2306 estremo,
982 2248 1025 2295 si
1062 2248 1320 2297 andrebbe
1356 2264 1453 2313 pur
1489 2264 1620 2297 sern-

719 2333 810 2382 pre
854 2317 937 2365 all'
962 2316 1165 2365 infinito
1210 2317 1416 2383 (quindi
1467 2326 1620 2368 estre·

720 2403 806 2437 mo
832 2403 937 2436 non
974 2390 1017 2435 v'
1038 2388 1143 2449 ha).
1182 2388 1226 2437 E
1251 2389 1344 2438 che
1381 2389 1619 2453 risponda

717 2475 746 2508 3
787 2474 859 2509 un
898 2460 967 2507 tal
1004 2458 1239 2509 sofisma:
1281 2460 1457 2509 risulta
1493 2475 1620 2525 pure

720 2530 803 2579 dai
838 2531 970 2581 versi
1018 2529 1305 2594 998-1000‚
1345 2546 1490 2580 come
1536 2548 1616 2580 ve·

721 2602 898 2653 dremo
934 2618 964 2650 3
1006 2617 1099 2651 suo
1135 2602 1311 2665 luogo.

789 2671 1039 2735 984-991.
1086 2672 1151 2723 Se
1189 2673 1240 2722 10
1278 2673 1446 2738 spazio
1485 2672 1618 2722 fosse

716 2743 878 2803 finite,
940 2741 1026 2808 gib·
1094 2750 1224 2793 tutta
1296 2744 1347 2793 13
1410 2744 1621 2793 materia

717 2814 887 2879 spinta
923 2815 1007 2863 dal
1044 2814 1249 2880 proprio
1299 2831 1423 2880 peso
1459 2815 1504 2864 si
1539 2831 1617 2865 sa-

719 2885 875 2935 rebbe
912 2886 1187 2935 addensata
1236 2887 1323 2936 nel
1370 2883 1530 2935 fondo
1567 2886 1618 2935 di

720 2955 895 3020 quello
943 2958 1129 3021 spazi0‚
1181 2973 1272 3021 per
1321 2956 1476 3005 modo
1525 2957 1619 3007 che

718 3026 861 3075 nulla
897 3023 988 3093 piu
1026 3029 1273 3093 potrebbe
1311 3028 1564 3077 muoversi
1589 3043 1618 3076 e

719 3096 864 3145 nulla
911 3094 1002 3161 piu
1051 3100 1322 3163 generarsi.
1378 3098 1539 3147 Come
1575 3098 1619 3147 si

720 3168 862 3228 vede,
886 3169 975 3233 qui
1012 3170 1055 3218 si
1093 3171 1347 3221 combatte
1378 3170 1411 3219 l'
1432 3169 1619 3233 ipotesi

720 3238 814 3287 che
850 3238 993 3287 sieno
1025 3239 1155 3290 finiti
1192 3248 1333 3290 tanto
1358 3240 1410 3289 10
1448 3240 1618 3305 spazio

720 3309 815 3360 che
851 3308 903 3357 13
938 3312 1160 3369 materia,
1195 3326 1299 3360 non
1335 3308 1419 3375 gi&
1454 3311 1486 3359 l'
1511 3312 1619 3376 ipo-

722 3380 815 3431 tesi
852 3380 945 3430 che
983 3381 1056 3429 sia
1090 3381 1235 3431 finito
1272 3382 1382 3432 solo
1417 3382 1470 3429 10
1506 3399 1618 3447 spa-

717 3452 811 3512 zi0‚
862 3468 889 3501 e
940 3451 1140 3501 infinita
1186 3453 1236 3501 13
1286 3453 1510 3503 materia.
1557 3453 1618 3502 In

716 3525 883 3587 quest’
907 3524 1089 3573 ultimo
1144 3524 1296 3573 modo
1352 3520 1380 3573 ὲ
1440 3525 1617 3574 invece

718 3593 991 3645 formulata
1038 3594 1071 3645 1’
1094 3596 1281 3661 ipotesi
1325 3595 1462 3645 nella
1497 3610 1618 3644 con-

714 3664 971 3717 futazione
1007 3667 1061 3715 di
1098 3667 1355 3734 Epicuro:
1401 3683 1429 3717 e
1467 3665 1516 3714 13
1553 3666 1617 3715 ri-

1728 1403 1900 1461 sposta
1945 1394 2318 1444 naturalmente
2355 1391 2420 1443 e:
2473 1400 2636 1444 mate·

1729 1468 1803 1516 ria
1839 1465 2038 1515 infinita
2084 1482 2190 1515 non
2233 1465 2482 1530 potrebbe
2519 1480 2637 1514 rac-

1728 1538 1980 1588 chiudersi
2016 1537 2072 1585 in
2109 1553 2214 1585 uno
2247 1537 2416 1601 spazio
2453 1535 2632 1586 finito:

1728 1607 1827 1675 (pr.
1877 1609 2032 1672 Diog.
2078 1608 2139 1659 L.
2191 1607 2254 1666 X,
2309 1605 2434 1671 42):
2483 1603 2538 1655 εἴ
2577 1623 2641 1656 τε

1728 1677 1786 1729 τὸ
1840 1675 1994 1730 κενὸν
2041 1675 2107 1744 ἦν
2163 1674 2468 1742 ὥρισμένσν,
2525 1673 2636 1727 οὔκ

1728 1747 1791 1800 ἄν
1816 1746 1922 1815 εἶχε
1947 1745 2008 1800 τὰ
2041 1747 2229 1814 ἄπειρα
2255 1745 2472 1812 σώματα
2497 1746 2638 1798 ὅπου

1727 1818 1922 1886 ἐνέστη.

1799 1892 1921 1955 987.
1962 1891 2281 1958 ponderibus
2335 1891 2544 1940 solidis:
2592 1891 2632 1940 i}

1726 1965 1903 2013 solidis
1975 1963 2232 2027 aggiunge
2299 1963 2332 2010 1‘
2354 1962 2470 2012 idea
2536 1962 2632 2011 che

1728 2034 1901 2101 quella
1955 2051 2119 2082 massa
2167 2034 2219 2082 di
2265 2033 2477 2082 materia
2523 2049 2630 2082 non

1728 2105 1941 2157 sarebbe
2003 2105 2376 2156 internamente
2426 2103 2628 2169 agitata,

1727 2173 1913 2244 perche
1959 2193 2065 2227 non
2103 2177 2316 2226 sarebbe
2354 2175 2560 2225 elastica
2596 2191 2636 2224 0

1728 2249 1899 2297 fluida.
1939 2249 2154 2298 Pondus
2191 2248 2258 2296 ha
2294 2248 2505 2312 dunque
2539 2245 2627 2312 qui

1727 2318 2012 2384 significato
2039 2325 2274 2369 concreto
2311 2318 2364 2366 di
2407 2338 2430 2361 ε
2474 2332 2636 2382 corpo

1726 2396 1939 2457 pesante
1997 2410 2042 2451 ι,
2093 2406 2238 2439 come
2287 2389 2342 2437 in
2389 2390 2430 2451 Ι,
2494 2386 2634 2451 1058

1732 2482 1756 2506 κ
1797 2477 1926 2525 quae
1966 2462 2202 2525 pondera
2242 2462 2354 2508 sint
2394 2460 2490 2508 sub
2525 2466 2630 2508 ter-

1696 2534 1802 2582 -ris
1842 2548 1886 2590 ι,
1927 2534 1993 2592 11,
2037 2542 2135 2593 247
2181 2550 2204 2573 ε
2247 2532 2486 2595 pondera
2524 2546 2636 2579 non

1719 2612 1868 2670 posse
1903 2604 2106 2666 obliqua
2142 2617 2310 2650 meare
2353 2618 2396 2658 ι,
2425 2616 2528 2651 000.
2558 2624 2625 2635 --

1727 2674 2020 2738 confluxet:
2056 2672 2400 2736 confluxisset.

1797 2743 1916 2805 988.
1969 2746 2062 2793 sub
2113 2744 2241 2791 caeli
2288 2744 2540 2808 tegmine:
2587 2742 2632 2790 i}

1725 2816 1913 2865 Munro
1967 2814 2067 2864 cita
2121 2813 2228 2862 Cic.
2284 2816 2498 2871 Aratea,
2555 2824 2624 2875 47

1729 2906 1754 2930 c
1808 2888 1901 2935 sub
1949 2884 2163 2950 tegrm‘ne
2212 2885 2341 2933 caeli
2391 2904 2435 2934 υ.
2493 2884 2628 2933 Vedi

1725 2972 1852 3022 pure
1876 2956 2061 3006 Ovidio
2079 2956 2292 3005 Metam.
2312 2957 2352 3016 Ι,
2380 2966 2405 3020 5
2435 2975 2459 2998 e
2491 2956 2642 3019 quod

1725 3030 1848 3091 tegit
1882 3029 2054 3077 omnia
2091 3027 2283 3076 caelum
2328 3044 2370 3075 ι.

1799 3111 1917 3160 990.
1946 3099 2132 3163 quippe
2155 3099 2246 3147 ubi
2266 3114 2286 3144 .·
2309 3098 2632 3161 espressione

1727 3170 1887 3219 molto
1924 3170 2225 3234 frequente:
2267 3168 2383 3217 vedi
2418 3169 2462 3228 Ι,
2502 3169 2621 3229 617,

1725 3241 1818 3301 ΙΙΙ,
1844 3253 1964 3304 430,
1987 3239 2079 3301 IV,
2100 3252 2209 3303 434
2233 3254 2335 3290 ecc.
2363 3239 2448 3287 Ha
2476 3254 2634 3288 senso

1726 3312 1960 3372 causale3
2006 3328 2036 3361 e
2073 3326 2212 3359 serve
2250 3326 2279 3358 a
2315 3309 2630 3373 giustificare

1726 3384 1810 3431 un’
1827 3382 2107 3432 asserzione
2135 3381 2274 3431 satta.
2307 3380 2361 3429 Si
2389 3378 2496 3445 puo
2520 3380 2625 3429 vol-

1724 3459 1832 3503 tare
1884 3454 1938 3502 in
1988 3452 2197 3502 italiano
2251 3452 2284 3500 1’
2309 3451 2632 3516 espressione

1724 3524 1934 3574 relativa
1958 3524 2013 3572 in
2038 3523 2413 3572 dimostrativa:
2460 3543 2484 3566 e
2513 3522 2634 3589 poi*

1724 3590 1818 3645 che
1855 3596 1908 3644 in
1945 3593 2016 3644 tal
2053 3610 2221 3645 0350...
2266 3612 2310 3643 2.

1797 3680 1919 3728 991.
1979 3666 2282 3715 subsidendo
2301 3681 2319 3715 .·
2380 3663 2631 3715 efficacis—
