<?xml version="1.0" encoding="UTF-8"?>
<!DOCTYPE html PUBLIC "-//W3C//DTD XHTML 1.0 Transitional//EN"
    "http://www.w3.org/TR/xhtml1/DTD/xhtml1-transitional.dtd">
<html xmlns="http://www.w3.org/1999/xhtml" xml:lang="en" lang="en">
 <head>
  <title>
</title>
<meta http-equiv="Content-Type" content="text/html;charset=utf-8" />
  <meta name='ocr-system' content='tesseract 3.04.00' />
  <meta name='ocr-capabilities' content='ocr_page ocr_carea ocr_par ocr_line ocrx_word'/>
</head>
<body>
  <div class='ocr_page' id='page_1' title='image "./tlucreticarider05unkngoog_0136.png"; bbox 0 0 2917 4275; ppageno 0'>
   <div class='ocr_carea' id='block_1_1' title="bbox 684 336 1905 396">
    <p class='ocr_par' dir='ltr' id='par_1_1' title="bbox 684 336 1905 396">
     <span class='ocr_line' id='line_1_1' title="bbox 684 336 1905 396; baseline -0.003 -2"><span class='ocrx_word' id='word_1_1' title='bbox 684 355 710 394; x_wconf 91' lang='lat'>1</span> <span class='ocrx_word' id='word_1_2' title='bbox 728 354 754 394; x_wconf 91' lang='lat'>1</span> <span class='ocrx_word' id='word_1_3' title='bbox 767 336 802 393; x_wconf 91' lang='lat'><strong>6</strong></span> <span class='ocrx_word' id='word_1_4' title='bbox 1342 351 1403 396; x_wconf 80' lang='lat' dir='ltr'><strong>r.</strong></span> <span class='ocrx_word' id='word_1_5' title='bbox 1448 348 1712 393; x_wconf 73' lang='lat' dir='ltr'><strong>LUCRE&#39;tr</strong></span> <span class='ocrx_word' id='word_1_6' title='bbox 1740 350 1905 393; x_wconf 65' lang='lat' dir='ltr'><strong>cam</strong></span> 
     </span>
    </p>
   </div>
   <div class='ocr_carea' id='block_1_2' title="bbox 673 474 2573 1087">
    <p class='ocr_par' dir='ltr' id='par_1_2' title="bbox 673 474 2200 553">
     <span class='ocr_line' id='line_1_2' title="bbox 673 474 2200 553; baseline -0.002 -16"><span class='ocrx_word' id='word_1_7' title='bbox 673 474 879 537; x_wconf 90' lang='lat' dir='ltr'><strong>mollia</strong></span> <span class='ocrx_word' id='word_1_8' title='bbox 922 495 1074 552; x_wconf 88' lang='lat' dir='ltr'><strong>quae</strong></span> <span class='ocrx_word' id='word_1_9' title='bbox 1115 477 1281 551; x_wconf 89' lang='lat' dir='ltr'><strong>fiunt,</strong></span> <span class='ocrx_word' id='word_1_10' title='bbox 1327 483 1446 549; x_wconf 74' lang='lat' dir='ltr'><strong>aer,</strong></span> <span class='ocrx_word' id='word_1_11' title='bbox 1494 493 1664 552; x_wconf 85' lang='lat' dir='ltr'><strong>aqua,</strong></span> <span class='ocrx_word' id='word_1_12' title='bbox 1713 485 1885 545; x_wconf 84' lang='lat' dir='ltr'><strong>terra,</strong></span> <span class='ocrx_word' id='word_1_13' title='bbox 1935 494 2200 553; x_wconf 81' lang='lat' dir='ltr'><strong>vaporeS,</strong></span> 
     </span>
    </p>

    <p class='ocr_par' dir='ltr' id='par_1_3' title="bbox 675 563 2279 730">
     <span class='ocr_line' id='line_1_3' title="bbox 675 563 2246 642; baseline -0.001 -17"><span class='ocrx_word' id='word_1_14' title='bbox 675 584 796 641; x_wconf 91' lang='lat' dir='ltr'><strong>quo</strong></span> <span class='ocrx_word' id='word_1_15' title='bbox 838 575 1014 642; x_wconf 86' lang='lat' dir='ltr'><strong>pacto</strong></span> <span class='ocrx_word' id='word_1_16' title='bbox 1056 566 1216 637; x_wconf 87' lang='lat' dir='ltr'><strong>fiant,</strong></span> <span class='ocrx_word' id='word_1_17' title='bbox 1263 574 1325 624; x_wconf 92' lang='lat' dir='ltr'><strong>et</strong></span> <span class='ocrx_word' id='word_1_18' title='bbox 1367 583 1487 641; x_wconf 88' lang='lat' dir='ltr'><strong>qua</strong></span> <span class='ocrx_word' id='word_1_19' title='bbox 1532 563 1593 622; x_wconf 89' lang='lat' dir='ltr'><strong>vi</strong></span> <span class='ocrx_word' id='word_1_20' title='bbox 1638 582 1908 641; x_wconf 88' lang='lat' dir='ltr'><strong>quaeque</strong></span> <span class='ocrx_word' id='word_1_21' title='bbox 1951 574 2246 642; x_wconf 84' lang='lat' dir='ltr'>gerantur,</span> 
     </span>
     <span class='ocr_line' id='line_1_4' title="bbox 675 652 2279 730; baseline -0.001 -17"><span class='ocrx_word' id='word_1_22' title='bbox 675 653 1001 714; x_wconf 86' lang='lat' dir='ltr'><strong>admixtum</strong></span> <span class='ocrx_word' id='word_1_23' title='bbox 1047 653 1328 730; x_wconf 90' lang='lat' dir='ltr'><strong>quoniam</strong></span> <span class='ocrx_word' id='word_1_24' title='bbox 1373 654 1558 712; x_wconf 86' lang='lat' dir='ltr'><strong>semel</strong></span> <span class='ocrx_word' id='word_1_25' title='bbox 1602 662 1693 712; x_wconf 87' lang='lat' dir='ltr'><strong>est</strong></span> <span class='ocrx_word' id='word_1_26' title='bbox 1735 652 1798 711; x_wconf 90' lang='lat' dir='ltr'><strong>in</strong></span> <span class='ocrx_word' id='word_1_27' title='bbox 1841 654 2019 713; x_wconf 88' lang='lat' dir='ltr'><strong>rebus</strong></span> <span class='ocrx_word' id='word_1_28' title='bbox 2062 653 2279 712; x_wconf 88' lang='lat' dir='ltr'><strong>inane:</strong></span> 
     </span>
    </p>

    <p class='ocr_par' dir='ltr' id='par_1_4' title="bbox 676 740 2573 907">
     <span class='ocr_line' id='line_1_5' title="bbox 676 740 2573 818; baseline -0.002 -15"><span class='ocrx_word' id='word_1_29' title='bbox 676 752 738 803; x_wconf 93' lang='lat' dir='ltr'><strong>at</strong></span> <span class='ocrx_word' id='word_1_30' title='bbox 780 751 986 802; x_wconf 88' lang='lat' dir='ltr'><strong>contra</strong></span> <span class='ocrx_word' id='word_1_31' title='bbox 1029 740 1078 801; x_wconf 91' lang='lat' dir='ltr'><strong>si</strong></span> <span class='ocrx_word' id='word_1_32' title='bbox 1121 741 1324 802; x_wconf 89' lang='lat' dir='ltr'><strong>mollia</strong></span> <span class='ocrx_word' id='word_1_33' title='bbox 1368 741 1486 800; x_wconf 84' lang='lat' dir='ltr'><strong>sint</strong></span> <span class='ocrx_word' id='word_1_34' title='bbox 1529 740 1855 818; x_wconf 88' lang='lat' dir='ltr'><strong>primordia</strong></span> <span class='ocrx_word' id='word_1_35' title='bbox 1898 759 2111 813; x_wconf 88' lang='lat' dir='ltr'><strong>rerum,</strong></span> <span class='ocrx_word' id='word_1_36' title='bbox 2445 759 2573 818; x_wconf 80' lang='lat'><strong>570</strong></span> 
     </span>
     <span class='ocr_line' id='line_1_6' title="bbox 677 827 2174 907; baseline -0.002 -16"><span class='ocrx_word' id='word_1_37' title='bbox 677 832 840 891; x_wconf 90' lang='lat' dir='ltr'><strong>unde</strong></span> <span class='ocrx_word' id='word_1_38' title='bbox 882 840 1107 907; x_wconf 85' lang='lat' dir='ltr'><strong>queant</strong></span> <span class='ocrx_word' id='word_1_39' title='bbox 1149 828 1331 890; x_wconf 90' lang='lat' dir='ltr'><strong>validi</strong></span> <span class='ocrx_word' id='word_1_40' title='bbox 1374 828 1568 890; x_wconf 91' lang='lat' dir='ltr'><strong>silices</strong></span> <span class='ocrx_word' id='word_1_41' title='bbox 1610 830 1948 906; x_wconf 82' lang='lat' dir='ltr'><strong>ferrumque</strong></span> <span class='ocrx_word' id='word_1_42' title='bbox 1993 827 2174 890; x_wconf 87' lang='lat' dir='ltr'><strong>creari</strong></span> 
     </span>
    </p>

    <p class='ocr_par' dir='ltr' id='par_1_5' title="bbox 676 915 2267 1087">
     <span class='ocr_line' id='line_1_7' title="bbox 676 915 2267 998; baseline -0.003 -18"><span class='ocrx_word' id='word_1_43' title='bbox 676 939 801 980; x_wconf 91' lang='lat' dir='ltr'><strong>non</strong></span> <span class='ocrx_word' id='word_1_44' title='bbox 845 918 1064 998; x_wconf 84' lang='lat' dir='ltr'><strong>poterit</strong></span> <span class='ocrx_word' id='word_1_45' title='bbox 1104 917 1257 978; x_wconf 87' lang='lat' dir='ltr'><strong>ratio</strong></span> <span class='ocrx_word' id='word_1_46' title='bbox 1298 917 1511 978; x_wconf 86' lang='lat' dir='ltr'>reddi:</span> <span class='ocrx_word' id='word_1_47' title='bbox 1582 938 1719 978; x_wconf 88' lang='lat' dir='ltr'><strong>nam</strong></span> <span class='ocrx_word' id='word_1_48' title='bbox 1764 917 2028 978; x_wconf 83' lang='lat' dir='ltr'><strong>funditus</strong></span> <span class='ocrx_word' id='word_1_49' title='bbox 2072 915 2267 977; x_wconf 89' lang='lat' dir='ltr'><strong>omnis</strong></span> 
     </span>
     <span class='ocr_line' id='line_1_8' title="bbox 676 1006 1929 1087; baseline 0 -19"><span class='ocrx_word' id='word_1_50' title='bbox 676 1006 969 1087; x_wconf 86' lang='lat' dir='ltr'><strong>principio</strong></span> <span class='ocrx_word' id='word_1_51' title='bbox 1012 1006 1385 1067; x_wconf 73' lang='lat' dir='ltr'><strong>fundamenti</strong></span> <span class='ocrx_word' id='word_1_52' title='bbox 1429 1016 1643 1066; x_wconf 85' lang='lat' dir='ltr'><strong>natura</strong></span> <span class='ocrx_word' id='word_1_53' title='bbox 1686 1006 1929 1069; x_wconf 69' lang='lat' dir='ltr'><strong>carebit:</strong></span> 
     </span>
    </p>
   </div>
   <div class='ocr_carea' id='block_1_3' title="bbox 606 1271 1577 3737">
    <p class='ocr_par' dir='ltr' id='par_1_6' title="bbox 606 1271 1576 2465">
     <span class='ocr_line' id='line_1_9' title="bbox 668 1271 1572 1339; baseline 0 -18"><span class='ocrx_word' id='word_1_54' title='bbox 668 1272 839 1339; x_wconf 80' lang='lat' dir='ltr'><em>possit</em></span> <span class='ocrx_word' id='word_1_55' title='bbox 888 1271 939 1321; x_wconf 89' lang='lat' dir='ltr'><strong>la</strong></span> <span class='ocrx_word' id='word_1_56' title='bbox 991 1271 1123 1322; x_wconf 88' lang='lat' dir='ltr'><strong>frase</strong></span> <span class='ocrx_word' id='word_1_57' title='bbox 1177 1271 1371 1320; x_wconf 88' lang='lat' dir='ltr'><strong>rimane</strong></span> <span class='ocrx_word' id='word_1_58' title='bbox 1419 1287 1572 1321; x_wconf 85' lang='lat' dir='ltr'><strong>ancor</strong></span> 
     </span>
     <span class='ocr_line' id='line_1_10' title="bbox 678 1339 1571 1409; baseline -0.002 -17"><span class='ocrx_word' id='word_1_59' title='bbox 678 1339 768 1409; x_wconf 67' lang='lat' dir='ltr'><strong>piu</strong></span> <span class='ocrx_word' id='word_1_60' title='bbox 793 1343 1045 1407; x_wconf 86' lang='lat' dir='ltr'><strong>intrigata,</strong></span> <span class='ocrx_word' id='word_1_61' title='bbox 1073 1359 1116 1402; x_wconf 87' lang='lat' dir='ltr'><strong>e,</strong></span> <span class='ocrx_word' id='word_1_62' title='bbox 1138 1358 1167 1391; x_wconf 88' lang='lat' dir='ltr'><strong>a</strong></span> <span class='ocrx_word' id='word_1_63' title='bbox 1190 1341 1354 1407; x_wconf 87' lang='lat' dir='ltr'><strong>prima</strong></span> <span class='ocrx_word' id='word_1_64' title='bbox 1378 1341 1571 1405; x_wconf 84' lang='lat' dir='ltr'><strong>giunta,</strong></span> 
     </span>
     <span class='ocr_line' id='line_1_11' title="bbox 677 1411 1574 1480; baseline -0.001 -18"><span class='ocrx_word' id='word_1_65' title='bbox 677 1411 945 1480; x_wconf 72' lang='lat' dir='ltr'><strong>pressoche</strong></span> <span class='ocrx_word' id='word_1_66' title='bbox 988 1412 1367 1478; x_wconf 87' lang='lat' dir='ltr'><strong>inesplicabile;</strong></span> <span class='ocrx_word' id='word_1_67' title='bbox 1424 1428 1574 1462; x_wconf 85' lang='lat' dir='ltr'><strong>senza</strong></span> 
     </span>
     <span class='ocr_line' id='line_1_12' title="bbox 678 1481 1573 1549; baseline 0 -17"><span class='ocrx_word' id='word_1_68' title='bbox 678 1485 785 1532; x_wconf 88' lang='lat' dir='ltr'><strong>dire</strong></span> <span class='ocrx_word' id='word_1_69' title='bbox 822 1484 914 1533; x_wconf 89' lang='lat' dir='ltr'><strong>che</strong></span> <span class='ocrx_word' id='word_1_70' title='bbox 951 1485 1124 1549; x_wconf 87' lang='lat' dir='ltr'><strong>quella</strong></span> <span class='ocrx_word' id='word_1_71' title='bbox 1160 1484 1421 1532; x_wconf 87' lang='lat' dir='ltr'><strong>vicinanza</strong></span> <span class='ocrx_word' id='word_1_72' title='bbox 1453 1481 1573 1548; x_wconf 67' lang='lat' dir='ltr'><strong>pote</strong></span> 
     </span>
     <span class='ocr_line' id='line_1_13' title="bbox 678 1554 1572 1619; baseline 0 -17"><span class='ocrx_word' id='word_1_73' title='bbox 678 1554 1026 1614; x_wconf 88' lang='lat' dir='ltr'><strong>determinare,</strong></span> <span class='ocrx_word' id='word_1_74' title='bbox 1086 1570 1189 1603; x_wconf 90' lang='lat' dir='ltr'><strong>non</strong></span> <span class='ocrx_word' id='word_1_75' title='bbox 1239 1554 1324 1603; x_wconf 92' lang='lat' dir='ltr'><strong>nel</strong></span> <span class='ocrx_word' id='word_1_76' title='bbox 1364 1555 1572 1619; x_wconf 83' lang='lat' dir='ltr'><strong>copista‚</strong></span> 
     </span>
     <span class='ocr_line' id='line_1_14' title="bbox 680 1624 1575 1694; baseline 0 -20"><span class='ocrx_word' id='word_1_77' title='bbox 680 1642 763 1674; x_wconf 87' lang='lat' dir='ltr'><strong>ma</strong></span> <span class='ocrx_word' id='word_1_78' title='bbox 794 1625 880 1675; x_wconf 89' lang='lat' dir='ltr'><strong>nel</strong></span> <span class='ocrx_word' id='word_1_79' title='bbox 907 1632 1057 1690; x_wconf 87' lang='lat' dir='ltr'><strong>poeta</strong></span> <span class='ocrx_word' id='word_1_80' title='bbox 1082 1632 1240 1694; x_wconf 66' lang='lat' dir='ltr'><strong>stesso</strong></span> <span class='ocrx_word' id='word_1_81' title='bbox 1264 1624 1575 1674; x_wconf 88' lang='lat' dir='ltr'><strong>l’attrazione</strong></span> 
     </span>
     <span class='ocr_line' id='line_1_15' title="bbox 678 1694 1574 1745; baseline -0.001 -1"><span class='ocrx_word' id='word_1_82' title='bbox 678 1694 765 1745; x_wconf 86' lang='lat' dir='ltr'><strong>del</strong></span> <span class='ocrx_word' id='word_1_83' title='bbox 816 1711 1044 1745; x_wconf 88' lang='lat' dir='ltr'><strong>numero.</strong></span> <span class='ocrx_word' id='word_1_84' title='bbox 1084 1698 1127 1745; x_wconf 93' lang='lat' dir='ltr'>E</span> <span class='ocrx_word' id='word_1_85' title='bbox 1163 1694 1401 1744; x_wconf 86' lang='lat' dir='ltr'><strong>notevole</strong></span> <span class='ocrx_word' id='word_1_86' title='bbox 1437 1712 1468 1744; x_wconf 89' lang='lat' dir='ltr'><strong>a</strong></span> <span class='ocrx_word' id='word_1_87' title='bbox 1505 1696 1574 1744; x_wconf 86' lang='lat' dir='ltr'><strong>tal</strong></span> 
     </span>
     <span class='ocr_line' id='line_1_16' title="bbox 680 1766 1576 1832; baseline 0 -18"><span class='ocrx_word' id='word_1_88' title='bbox 680 1766 941 1832; x_wconf 87' lang='lat' dir='ltr'><strong>proposito</strong></span> <span class='ocrx_word' id='word_1_89' title='bbox 989 1767 1083 1815; x_wconf 89' lang='lat' dir='ltr'><strong>che</strong></span> <span class='ocrx_word' id='word_1_90' title='bbox 1136 1766 1294 1815; x_wconf 88' lang='lat' dir='ltr'><strong>anche</strong></span> <span class='ocrx_word' id='word_1_91' title='bbox 1351 1766 1576 1831; x_wconf 89' lang='lat' dir='ltr'><strong>Epicuro</strong></span> 
     </span>
     <span class='ocr_line' id='line_1_17' title="bbox 680 1833 1571 1902; baseline -0.002 -16"><span class='ocrx_word' id='word_1_92' title='bbox 680 1837 900 1902; x_wconf 87' lang='lat' dir='ltr'><strong>adopera</strong></span> <span class='ocrx_word' id='word_1_93' title='bbox 946 1837 1339 1886; x_wconf 87' lang='lat' dir='ltr'><strong>assolutamente</strong></span> <span class='ocrx_word' id='word_1_94' title='bbox 1393 1833 1571 1885; x_wconf 82' lang='grc' dir='ltr'><em>ἀποδί-</em></span> 
     </span>
     <span class='ocr_line' id='line_1_18' title="bbox 680 1904 1576 1973; baseline 0.001 -17"><span class='ocrx_word' id='word_1_95' title='bbox 680 1904 820 1970; x_wconf 82' lang='grc' dir='ltr'><strong><em>δωμι</em></strong></span> <span class='ocrx_word' id='word_1_96' title='bbox 858 1923 948 1973; x_wconf 87' lang='lat' dir='ltr'><strong>per</strong></span> <span class='ocrx_word' id='word_1_97' title='bbox 982 1909 1233 1957; x_wconf 82' lang='lat' dir='ltr'><strong>rationem</strong></span> <span class='ocrx_word' id='word_1_98' title='bbox 1282 1909 1507 1965; x_wconf 81' lang='lat' dir='ltr'><strong>reddere,</strong></span> <span class='ocrx_word' id='word_1_99' title='bbox 1547 1924 1576 1957; x_wconf 84' lang='lat' dir='ltr'><strong>e</strong></span> 
     </span>
     <span class='ocr_line' id='line_1_19' title="bbox 606 1978 1573 2044; baseline 0.002 -20"><span class='ocrx_word' id='word_1_100' title='bbox 606 2020 610 2024; x_wconf 90' lang='lat'>.</span> <span class='ocrx_word' id='word_1_101' title='bbox 680 1979 939 2044; x_wconf 85' lang='lat' dir='ltr'><strong>l&#39;adopera</strong></span> <span class='ocrx_word' id='word_1_102' title='bbox 963 1978 1099 2027; x_wconf 88' lang='lat' dir='ltr'><strong>nella</strong></span> <span class='ocrx_word' id='word_1_103' title='bbox 1124 1980 1437 2028; x_wconf 85' lang='lat' dir='ltr'><strong>costruzione</strong></span> <span class='ocrx_word' id='word_1_104' title='bbox 1464 1994 1573 2044; x_wconf 88' lang='lat' dir='ltr'><strong>per·</strong></span> 
     </span>
     <span class='ocr_line' id='line_1_20' title="bbox 679 2047 1572 2114; baseline -0.002 -16"><span class='ocrx_word' id='word_1_105' title='bbox 679 2050 868 2109; x_wconf 88' lang='lat' dir='ltr'><strong>sonale‚</strong></span> <span class='ocrx_word' id='word_1_106' title='bbox 895 2065 1040 2099; x_wconf 89' lang='lat' dir='ltr'><strong>come</strong></span> <span class='ocrx_word' id='word_1_107' title='bbox 1066 2049 1153 2114; x_wconf 90' lang='lat' dir='ltr'><strong>qui</strong></span> <span class='ocrx_word' id='word_1_108' title='bbox 1171 2050 1377 2113; x_wconf 85' lang='lat' dir='ltr'><strong>possint</strong></span> <span class='ocrx_word' id='word_1_109' title='bbox 1395 2047 1572 2098; x_wconf 81' lang='lat' dir='ltr'><strong>reddi:</strong></span> 
     </span>
     <span class='ocr_line' id='line_1_21' title="bbox 679 2115 1576 2187; baseline -0.001 -17"><span class='ocrx_word' id='word_1_110' title='bbox 679 2139 755 2187; x_wconf 91' lang='lat' dir='ltr'><strong>pr.</strong></span> <span class='ocrx_word' id='word_1_111' title='bbox 792 2121 946 2184; x_wconf 88' lang='lat' dir='ltr'><strong>Diog.</strong></span> <span class='ocrx_word' id='word_1_112' title='bbox 983 2120 1062 2183; x_wconf 87' lang='lat' dir='ltr'><strong>L.,</strong></span> <span class='ocrx_word' id='word_1_113' title='bbox 1102 2119 1165 2179; x_wconf 85' lang='lat' dir='ltr'><strong>X,</strong></span> <span class='ocrx_word' id='word_1_114' title='bbox 1207 2129 1305 2184; x_wconf 87' lang='lat'><strong>55:</strong></span> <span class='ocrx_word' id='word_1_115' title='bbox 1343 2115 1405 2169; x_wconf 80' lang='grc' dir='ltr'><strong>τὰ</strong></span> <span class='ocrx_word' id='word_1_116' title='bbox 1440 2115 1576 2169; x_wconf 76' lang='grc' dir='ltr'><strong><em>κατὰ</em></strong></span> 
     </span>
     <span class='ocr_line' id='line_1_22' title="bbox 678 2187 1573 2255; baseline -0.001 -14"><span class='ocrx_word' id='word_1_117' title='bbox 678 2188 827 2255; x_wconf 77' lang='grc' dir='ltr'><em>πάθη</em></span> <span class='ocrx_word' id='word_1_118' title='bbox 865 2190 962 2240; x_wconf 81' lang='grc' dir='ltr'><strong>καί</strong></span> <span class='ocrx_word' id='word_1_119' title='bbox 991 2187 1080 2245; x_wconf 85' lang='grc' dir='ltr'><strong>τὰς</strong></span> <span class='ocrx_word' id='word_1_120' title='bbox 1122 2187 1389 2255; x_wconf 77' lang='grc' dir='ltr'><em>αἰσθήσεις</em></span> <span class='ocrx_word' id='word_1_121' title='bbox 1438 2189 1573 2255; x_wconf 75' lang='grc' dir='ltr'><em>γινό-</em></span> 
     </span>
     <span class='ocr_line' id='line_1_23' title="bbox 679 2257 1575 2326; baseline 0 -15"><span class='ocrx_word' id='word_1_122' title='bbox 679 2278 811 2326; x_wconf 79' lang='grc' dir='ltr'><strong><em>μενα</em></strong></span> <span class='ocrx_word' id='word_1_123' title='bbox 858 2257 1256 2325; x_wconf 77' lang='grc' dir='ltr'><em>ἀποδοθήσεται.</em></span> <span class='ocrx_word' id='word_1_124' title='bbox 1306 2262 1370 2312; x_wconf 91' lang='lat' dir='ltr'><strong>V.</strong></span> <span class='ocrx_word' id='word_1_125' title='bbox 1415 2263 1575 2311; x_wconf 88' lang='lat' dir='ltr'><strong>anche</strong></span> 
     </span>
     <span class='ocr_line' id='line_1_24' title="bbox 681 2330 1576 2396; baseline -0.002 -14"><span class='ocrx_word' id='word_1_126' title='bbox 681 2334 891 2382; x_wconf 80' lang='lat' dir='ltr'><strong>reddere</strong></span> <span class='ocrx_word' id='word_1_127' title='bbox 927 2332 1013 2382; x_wconf 88' lang='lat' dir='ltr'><strong>nel</strong></span> <span class='ocrx_word' id='word_1_128' title='bbox 1049 2333 1183 2382; x_wconf 87' lang='lat' dir='ltr'><strong>med.</strong></span> <span class='ocrx_word' id='word_1_129' title='bbox 1217 2330 1496 2396; x_wconf 87' lang='lat' dir='ltr'><strong>significato</strong></span> <span class='ocrx_word' id='word_1_130' title='bbox 1522 2333 1576 2380; x_wconf 90' lang='lat' dir='ltr'><strong>in</strong></span> 
     </span>
     <span class='ocr_line' id='line_1_25' title="bbox 682 2404 903 2465; baseline 0.009 -14"><span class='ocrx_word' id='word_1_131' title='bbox 682 2404 743 2463; x_wconf 89' lang='lat' dir='ltr'><strong>V,</strong></span> <span class='ocrx_word' id='word_1_132' title='bbox 791 2414 903 2465; x_wconf 85' lang='lat'>197.</span> 
     </span>
    </p>

    <p class='ocr_par' dir='ltr' id='par_1_7' title="bbox 680 2472 1577 3737">
     <span class='ocr_line' id='line_1_26' title="bbox 754 2472 1573 2539; baseline 0.004 -18"><span class='ocrx_word' id='word_1_133' title='bbox 754 2474 871 2538; x_wconf 84' lang='lat'>569.</span> <span class='ocrx_word' id='word_1_134' title='bbox 909 2474 1087 2522; x_wconf 86' lang='lat' dir='ltr'><strong>semel:</strong></span> <span class='ocrx_word' id='word_1_135' title='bbox 1138 2472 1423 2537; x_wconf 82' lang='lat' dir='ltr'><strong>significato</strong></span> <span class='ocrx_word' id='word_1_136' title='bbox 1461 2490 1573 2539; x_wconf 86' lang='lat' dir='ltr'><strong>spe·</strong></span> 
     </span>
     <span class='ocr_line' id='line_1_27' title="bbox 682 2544 1575 2610; baseline 0 -16"><span class='ocrx_word' id='word_1_137' title='bbox 682 2545 823 2605; x_wconf 87' lang='lat' dir='ltr'><strong>ciale,</strong></span> <span class='ocrx_word' id='word_1_138' title='bbox 862 2546 955 2595; x_wconf 88' lang='lat' dir='ltr'><strong>che</strong></span> <span class='ocrx_word' id='word_1_139' title='bbox 986 2545 1072 2593; x_wconf 87' lang='lat' dir='ltr'><strong>noi</strong></span> <span class='ocrx_word' id='word_1_140' title='bbox 1103 2544 1298 2593; x_wconf 87' lang='lat' dir='ltr'><strong>italiani</strong></span> <span class='ocrx_word' id='word_1_141' title='bbox 1322 2546 1575 2610; x_wconf 88' lang='lat' dir='ltr'><strong>possiamo</strong></span> 
     </span>
     <span class='ocr_line' id='line_1_28' title="bbox 681 2612 1574 2679; baseline -0.001 -14"><span class='ocrx_word' id='word_1_142' title='bbox 681 2617 783 2665; x_wconf 90' lang='lat' dir='ltr'><strong>ben</strong></span> <span class='ocrx_word' id='word_1_143' title='bbox 830 2616 1029 2679; x_wconf 85' lang='lat' dir='ltr'><strong>sentire,</strong></span> <span class='ocrx_word' id='word_1_144' title='bbox 1082 2612 1288 2679; x_wconf 73' lang='lat' dir='ltr'><strong>giacche</strong></span> <span class='ocrx_word' id='word_1_145' title='bbox 1336 2616 1424 2665; x_wconf 89' lang='lat' dir='ltr'><strong>nel</strong></span> <span class='ocrx_word' id='word_1_146' title='bbox 1479 2616 1574 2664; x_wconf 91' lang='lat' dir='ltr'><strong>lin-</strong></span> 
     </span>
     <span class='ocr_line' id='line_1_29' title="bbox 682 2686 1577 2752; baseline 0 -17"><span class='ocrx_word' id='word_1_147' title='bbox 682 2689 905 2750; x_wconf 80' lang='lat' dir='ltr'><strong>guaggio</strong></span> <span class='ocrx_word' id='word_1_148' title='bbox 950 2686 1190 2752; x_wconf 87' lang='lat' dir='ltr'><strong>popolare</strong></span> <span class='ocrx_word' id='word_1_149' title='bbox 1240 2687 1474 2746; x_wconf 60' lang='lat' dir='ltr'><strong>diciano,</strong></span> <span class='ocrx_word' id='word_1_150' title='bbox 1512 2687 1577 2735; x_wconf 91' lang='lat' dir='ltr'><strong>ad</strong></span> 
     </span>
     <span class='ocr_line' id='line_1_30' title="bbox 681 2757 1575 2807; baseline 0 -1"><span class='ocrx_word' id='word_1_151' title='bbox 681 2773 779 2807; x_wconf 83' lang='lat' dir='ltr'><strong>es.:</strong></span> <span class='ocrx_word' id='word_1_152' title='bbox 831 2778 854 2801; x_wconf 68' lang='grc' dir='ltr'>ι</span> <span class='ocrx_word' id='word_1_153' title='bbox 910 2774 1017 2805; x_wconf 88' lang='lat' dir='ltr'><strong>una</strong></span> <span class='ocrx_word' id='word_1_154' title='bbox 1065 2759 1202 2805; x_wconf 84' lang='lat' dir='ltr'><strong>volta</strong></span> <span class='ocrx_word' id='word_1_155' title='bbox 1256 2758 1349 2806; x_wconf 87' lang='lat' dir='ltr'><strong>che</strong></span> <span class='ocrx_word' id='word_1_156' title='bbox 1401 2765 1454 2806; x_wconf 91' lang='lat' dir='ltr'><strong>tu</strong></span> <span class='ocrx_word' id='word_1_157' title='bbox 1491 2757 1575 2806; x_wconf 84' lang='lat' dir='ltr'><strong>hai</strong></span> 
     </span>
     <span class='ocr_line' id='line_1_31' title="bbox 684 2828 1572 2893; baseline 0.002 -18"><span class='ocrx_word' id='word_1_158' title='bbox 684 2843 932 2876; x_wconf 88' lang='lat' dir='ltr'><strong>ammesso</strong></span> <span class='ocrx_word' id='word_1_159' title='bbox 983 2835 1163 2891; x_wconf 88' lang='lat' dir='ltr'><strong>questo</strong></span> <span class='ocrx_word' id='word_1_160' title='bbox 1204 2847 1226 2870; x_wconf 72' lang='grc' dir='ltr'><strong><em>ι</em></strong></span> <span class='ocrx_word' id='word_1_161' title='bbox 1286 2845 1377 2893; x_wconf 89' lang='lat' dir='ltr'><strong>per</strong></span> <span class='ocrx_word' id='word_1_162' title='bbox 1431 2828 1572 2877; x_wconf 88' lang='lat' dir='ltr'><strong>dire:</strong></span> 
     </span>
     <span class='ocr_line' id='line_1_32' title="bbox 688 2897 1571 2948; baseline 0.001 -2"><span class='ocrx_word' id='word_1_163' title='bbox 688 2918 710 2941; x_wconf 73' lang='lat' dir='ltr'><strong>c</strong></span> <span class='ocrx_word' id='word_1_164' title='bbox 753 2898 871 2946; x_wconf 83' lang='lat' dir='ltr'><strong>dato</strong></span> <span class='ocrx_word' id='word_1_165' title='bbox 908 2897 947 2945; x_wconf 88' lang='lat' dir='ltr'><strong>il</strong></span> <span class='ocrx_word' id='word_1_166' title='bbox 981 2898 1106 2947; x_wconf 88' lang='lat' dir='ltr'><strong>fatto</strong></span> <span class='ocrx_word' id='word_1_167' title='bbox 1144 2898 1236 2948; x_wconf 93' lang='lat' dir='ltr'><strong>che</strong></span> <span class='ocrx_word' id='word_1_168' title='bbox 1269 2906 1323 2948; x_wconf 93' lang='lat' dir='ltr'><strong>tu</strong></span> <span class='ocrx_word' id='word_1_169' title='bbox 1348 2899 1431 2947; x_wconf 89' lang='lat' dir='ltr'><strong>hai</strong></span> <span class='ocrx_word' id='word_1_170' title='bbox 1469 2915 1571 2947; x_wconf 88' lang='lat' dir='ltr'><strong>am-</strong></span> 
     </span>
     <span class='ocr_line' id='line_1_33' title="bbox 685 2968 1575 3033; baseline 0 -17"><span class='ocrx_word' id='word_1_171' title='bbox 685 2968 850 3017; x_wconf 87' lang='lat' dir='ltr'><strong>messo</strong></span> <span class='ocrx_word' id='word_1_172' title='bbox 899 2975 1079 3033; x_wconf 88' lang='lat' dir='ltr'><strong>questo</strong></span> <span class='ocrx_word' id='word_1_173' title='bbox 1135 2987 1180 3017; x_wconf 74' lang='grc'><strong>».</strong></span> <span class='ocrx_word' id='word_1_174' title='bbox 1229 2970 1295 3017; x_wconf 88' lang='lat' dir='ltr'><strong>Ai</strong></span> <span class='ocrx_word' id='word_1_175' title='bbox 1345 2969 1575 3019; x_wconf 88' lang='lat' dir='ltr'><strong>tentativi</strong></span> 
     </span>
     <span class='ocr_line' id='line_1_34' title="bbox 684 3038 1575 3105; baseline 0.002 -19"><span class='ocrx_word' id='word_1_176' title='bbox 684 3038 767 3087; x_wconf 89' lang='lat' dir='ltr'><strong>del</strong></span> <span class='ocrx_word' id='word_1_177' title='bbox 804 3038 991 3100; x_wconf 68' lang='lat' dir='ltr'><strong>Gobel,</strong></span> <span class='ocrx_word' id='word_1_178' title='bbox 1014 3039 1095 3087; x_wconf 91' lang='lat' dir='ltr'><strong>cui</strong></span> <span class='ocrx_word' id='word_1_179' title='bbox 1133 3040 1330 3088; x_wconf 87' lang='lat' dir='ltr'><strong>sembra</strong></span> <span class='ocrx_word' id='word_1_180' title='bbox 1355 3056 1575 3105; x_wconf 86' lang='lat' dir='ltr'><strong>propen-</strong></span> 
     </span>
     <span class='ocr_line' id='line_1_35' title="bbox 684 3109 1574 3172; baseline 0.002 -15"><span class='ocrx_word' id='word_1_181' title='bbox 684 3109 803 3158; x_wconf 87' lang='lat' dir='ltr'><strong>dere</strong></span> <span class='ocrx_word' id='word_1_182' title='bbox 840 3110 877 3158; x_wconf 95' lang='lat' dir='ltr'><strong>il</strong></span> <span class='ocrx_word' id='word_1_183' title='bbox 914 3110 1096 3172; x_wconf 86' lang='lat' dir='ltr'><strong>Tohte,</strong></span> <span class='ocrx_word' id='word_1_184' title='bbox 1137 3109 1190 3157; x_wconf 94' lang='lat' dir='ltr'><strong>di</strong></span> <span class='ocrx_word' id='word_1_185' title='bbox 1227 3109 1479 3161; x_wconf 84' lang='lat' dir='ltr'><strong>sostituire</strong></span> <span class='ocrx_word' id='word_1_186' title='bbox 1508 3113 1574 3159; x_wconf 88' lang='lat' dir='ltr'><strong>si·</strong></span> 
     </span>
     <span class='ocr_line' id='line_1_36' title="bbox 684 3180 1573 3245; baseline 0.002 -18"><span class='ocrx_word' id='word_1_187' title='bbox 684 3180 807 3237; x_wconf 88' lang='lat' dir='ltr'><em>mul,</em></span> <span class='ocrx_word' id='word_1_188' title='bbox 846 3180 948 3229; x_wconf 87' lang='lat' dir='ltr'><strong>ben</strong></span> <span class='ocrx_word' id='word_1_189' title='bbox 986 3180 1224 3245; x_wconf 87' lang='lat' dir='ltr'><strong>risponde</strong></span> <span class='ocrx_word' id='word_1_190' title='bbox 1260 3180 1299 3229; x_wconf 93' lang='lat' dir='ltr'><strong>il</strong></span> <span class='ocrx_word' id='word_1_191' title='bbox 1336 3181 1573 3230; x_wconf 87' lang='lat' dir='ltr'><strong>Giussani</strong></span> 
     </span>
     <span class='ocr_line' id='line_1_37' title="bbox 684 3250 1574 3315; baseline 0.002 -17"><span class='ocrx_word' id='word_1_192' title='bbox 684 3267 715 3298; x_wconf 88' lang='lat' dir='ltr'><strong>a</strong></span> <span class='ocrx_word' id='word_1_193' title='bbox 751 3267 801 3315; x_wconf 88' lang='lat' dir='ltr'><strong>q.</strong></span> <span class='ocrx_word' id='word_1_194' title='bbox 837 3250 891 3310; x_wconf 86' lang='lat' dir='ltr'><strong>l.,</strong></span> <span class='ocrx_word' id='word_1_195' title='bbox 934 3250 1276 3299; x_wconf 86' lang='lat' dir='ltr'><strong>richiamando</strong></span> <span class='ocrx_word' id='word_1_196' title='bbox 1330 3252 1489 3301; x_wconf 86' lang='lat' dir='ltr'><strong>anche</strong></span> <span class='ocrx_word' id='word_1_197' title='bbox 1535 3252 1574 3300; x_wconf 88' lang='lat' dir='ltr'><strong>il</strong></span> 
     </span>
     <span class='ocr_line' id='line_1_38' title="bbox 682 3319 1572 3387; baseline 0.002 -18"><span class='ocrx_word' id='word_1_198' title='bbox 682 3322 792 3386; x_wconf 89' lang='lat' dir='ltr'><strong>pari</strong></span> <span class='ocrx_word' id='word_1_199' title='bbox 831 3336 921 3369; x_wconf 93' lang='lat' dir='ltr'><strong>uso</strong></span> <span class='ocrx_word' id='word_1_200' title='bbox 956 3321 1039 3370; x_wconf 88' lang='lat' dir='ltr'><strong>del</strong></span> <span class='ocrx_word' id='word_1_201' title='bbox 1075 3337 1150 3386; x_wconf 87' lang='lat' dir='ltr'><strong>gr.</strong></span> <span class='ocrx_word' id='word_1_202' title='bbox 1180 3319 1332 3379; x_wconf 81' lang='grc' dir='ltr'><strong><em>ἅπαξ.</em></strong></span> <span class='ocrx_word' id='word_1_203' title='bbox 1359 3322 1421 3370; x_wconf 93' lang='lat' dir='ltr'><strong>V.</strong></span> <span class='ocrx_word' id='word_1_204' title='bbox 1447 3339 1572 3387; x_wconf 89' lang='lat' dir='ltr'><strong>pure</strong></span> 
     </span>
     <span class='ocr_line' id='line_1_39' title="bbox 681 3389 1572 3456; baseline 0.001 -16"><span class='ocrx_word' id='word_1_205' title='bbox 681 3409 727 3440; x_wconf 88' lang='lat' dir='ltr'><strong>v.</strong></span> <span class='ocrx_word' id='word_1_206' title='bbox 774 3404 922 3453; x_wconf 90' lang='lat'>1030.</span> <span class='ocrx_word' id='word_1_207' title='bbox 961 3418 1040 3427; x_wconf 88' lang='lat'><strong>-—-·</strong></span> <span class='ocrx_word' id='word_1_208' title='bbox 1064 3393 1122 3440; x_wconf 86' lang='lat' dir='ltr'><strong>in</strong></span> <span class='ocrx_word' id='word_1_209' title='bbox 1158 3394 1339 3441; x_wconf 87' lang='lat' dir='ltr'><strong>rebus:</strong></span> <span class='ocrx_word' id='word_1_210' title='bbox 1391 3389 1572 3456; x_wconf 68' lang='lat' dir='ltr'><strong>poiche</strong></span> 
     </span>
     <span class='ocr_line' id='line_1_40' title="bbox 682 3459 1571 3512; baseline 0 -1"><span class='ocrx_word' id='word_1_211' title='bbox 682 3464 970 3511; x_wconf 82' lang='lat' dir='ltr'><strong>admixtum</strong></span> <span class='ocrx_word' id='word_1_212' title='bbox 1007 3463 1061 3511; x_wconf 88' lang='lat' dir='ltr'><strong>in</strong></span> <span class='ocrx_word' id='word_1_213' title='bbox 1096 3463 1246 3511; x_wconf 88' lang='lat' dir='ltr'><strong>Lucr.</strong></span> <span class='ocrx_word' id='word_1_214' title='bbox 1285 3459 1313 3510; x_wconf 79' lang='grc' dir='ltr'>ὲ</span> <span class='ocrx_word' id='word_1_215' title='bbox 1356 3463 1437 3512; x_wconf 93' lang='lat' dir='ltr'><strong>col</strong></span> <span class='ocrx_word' id='word_1_216' title='bbox 1486 3463 1571 3511; x_wconf 89' lang='lat' dir='ltr'><strong>da-</strong></span> 
     </span>
     <span class='ocr_line' id='line_1_41' title="bbox 684 3530 1575 3596; baseline 0.002 -15"><span class='ocrx_word' id='word_1_217' title='bbox 684 3533 787 3582; x_wconf 87' lang='lat' dir='ltr'><strong>tivo</strong></span> <span class='ocrx_word' id='word_1_218' title='bbox 823 3533 862 3589; x_wconf 78' lang='grc' dir='ltr'><strong>Ι,</strong></span> <span class='ocrx_word' id='word_1_219' title='bbox 902 3534 1019 3596; x_wconf 84' lang='lat'><strong>369,</strong></span> <span class='ocrx_word' id='word_1_220' title='bbox 1060 3530 1179 3595; x_wconf 84' lang='lat'><strong>382,</strong></span> <span class='ocrx_word' id='word_1_221' title='bbox 1216 3533 1313 3596; x_wconf 88' lang='lat'><strong>655</strong></span> <span class='ocrx_word' id='word_1_222' title='bbox 1343 3534 1378 3581; x_wconf 94' lang='lat' dir='ltr'><strong>il</strong></span> <span class='ocrx_word' id='word_1_223' title='bbox 1406 3534 1575 3583; x_wconf 91' lang='lat' dir='ltr'><strong>Tohte</strong></span> 
     </span>
     <span class='ocr_line' id='line_1_42' title="bbox 681 3603 1566 3668; baseline 0 -15"><span class='ocrx_word' id='word_1_224' title='bbox 681 3603 967 3661; x_wconf 81' lang='lat' dir='ltr'><strong>richiedeva</strong></span> <span class='ocrx_word' id='word_1_225' title='bbox 989 3604 1082 3652; x_wconf 89' lang='lat' dir='ltr'><strong>che</strong></span> <span class='ocrx_word' id='word_1_226' title='bbox 1108 3603 1197 3668; x_wconf 92' lang='lat' dir='ltr'><strong>qui</strong></span> <span class='ocrx_word' id='word_1_227' title='bbox 1222 3604 1265 3651; x_wconf 84' lang='lat' dir='ltr'><strong>si</strong></span> <span class='ocrx_word' id='word_1_228' title='bbox 1289 3605 1566 3668; x_wconf 85' lang='lat' dir='ltr'><strong>spiegasse:</strong></span> 
     </span>
     <span class='ocr_line' id='line_1_43' title="bbox 680 3674 1573 3737; baseline 0.003 -15"><span class='ocrx_word' id='word_1_229' title='bbox 680 3682 755 3724; x_wconf 90' lang='lat' dir='ltr'><strong>est</strong></span> <span class='ocrx_word' id='word_1_230' title='bbox 788 3677 845 3724; x_wconf 86' lang='lat' dir='ltr'><strong>in</strong></span> <span class='ocrx_word' id='word_1_231' title='bbox 882 3677 1044 3729; x_wconf 81' lang='lat' dir='ltr'><strong>rebus,</strong></span> <span class='ocrx_word' id='word_1_232' title='bbox 1084 3674 1370 3722; x_wconf 83' lang='lat' dir='ltr'><strong>admixtum</strong></span> <span class='ocrx_word' id='word_1_233' title='bbox 1395 3676 1447 3737; x_wconf 71' lang='lat' dir='ltr'><strong>(e</strong></span> <span class='ocrx_word' id='word_1_234' title='bbox 1480 3676 1573 3725; x_wconf 89' lang='lat' dir='ltr'><strong>che</strong></span> 
     </span>
    </p>
   </div>
   <div class='ocr_carea' id='block_1_4' title="bbox 1679 1268 2580 1902">
    <p class='ocr_par' dir='ltr' id='par_1_8' title="bbox 1679 1268 2580 1902">
     <span class='ocr_line' id='line_1_44' title="bbox 1679 1268 2576 1337; baseline 0 -17"><span class='ocrx_word' id='word_1_235' title='bbox 1679 1273 1729 1321; x_wconf 92' lang='lat' dir='ltr'><strong>vi</strong></span> <span class='ocrx_word' id='word_1_236' title='bbox 1766 1268 1796 1320; x_wconf 74' lang='grc' dir='ltr'>ὲ</span> <span class='ocrx_word' id='word_1_237' title='bbox 1831 1271 2098 1322; x_wconf 88' lang='lat' dir='ltr'><strong>commisto</strong></span> <span class='ocrx_word' id='word_1_238' title='bbox 2140 1269 2206 1335; x_wconf 71' lang='grc' dir='ltr'><strong>ι).</strong></span> <span class='ocrx_word' id='word_1_239' title='bbox 2232 1271 2320 1320; x_wconf 91' lang='lat' dir='ltr'><strong>Ma</strong></span> <span class='ocrx_word' id='word_1_240' title='bbox 2355 1271 2445 1337; x_wconf 90' lang='lat' dir='ltr'><strong>qui</strong></span> <span class='ocrx_word' id='word_1_241' title='bbox 2470 1270 2576 1337; x_wconf 75' lang='lat' dir='ltr'><strong>puo</strong></span> 
     </span>
     <span class='ocr_line' id='line_1_45' title="bbox 1679 1342 2573 1409; baseline 0 -17"><span class='ocrx_word' id='word_1_242' title='bbox 1679 1343 1855 1409; x_wconf 37' lang='lat' dir='ltr'><strong>aversi·</strong></span> <span class='ocrx_word' id='word_1_243' title='bbox 1876 1342 2189 1392; x_wconf 82' lang='lat' dir='ltr'><strong>costruzione</strong></span> <span class='ocrx_word' id='word_1_244' title='bbox 2227 1342 2437 1401; x_wconf 86' lang='lat' dir='ltr'><strong>diversa,</strong></span> <span class='ocrx_word' id='word_1_245' title='bbox 2477 1358 2573 1392; x_wconf 90' lang='lat' dir='ltr'><strong>con</strong></span> 
     </span>
     <span class='ocr_line' id='line_1_46' title="bbox 1679 1413 2574 1474; baseline 0.001 -12"><span class='ocrx_word' id='word_1_246' title='bbox 1679 1414 1713 1462; x_wconf 85' lang='lat' dir='ltr'><strong>l&#39;-</strong></span> <span class='ocrx_word' id='word_1_247' title='bbox 1726 1415 1783 1463; x_wconf 89' lang='lat' dir='ltr'><strong>in</strong></span> <span class='ocrx_word' id='word_1_248' title='bbox 1821 1432 1849 1464; x_wconf 87' lang='lat' dir='ltr'><strong>e</strong></span> <span class='ocrx_word' id='word_1_249' title='bbox 1885 1413 2051 1474; x_wconf 82' lang='lat' dir='ltr'><strong>l&#39;abl.;</strong></span> <span class='ocrx_word' id='word_1_250' title='bbox 2091 1429 2234 1463; x_wconf 88' lang='lat' dir='ltr'><strong>come</strong></span> <span class='ocrx_word' id='word_1_251' title='bbox 2272 1429 2370 1462; x_wconf 91' lang='lat' dir='ltr'><strong>con</strong></span> <span class='ocrx_word' id='word_1_252' title='bbox 2405 1413 2437 1461; x_wconf 77' lang='lat'><strong>1¹</strong></span> <span class='ocrx_word' id='word_1_253' title='bbox 2454 1414 2510 1462; x_wconf 86' lang='lat' dir='ltr'><strong>in</strong></span> <span class='ocrx_word' id='word_1_254' title='bbox 2545 1430 2574 1463; x_wconf 87' lang='lat' dir='ltr'><strong>e</strong></span> 
     </span>
     <span class='ocr_line' id='line_1_47' title="bbox 1679 1484 2580 1548; baseline -0.002 -14"><span class='ocrx_word' id='word_1_255' title='bbox 1679 1485 1818 1535; x_wconf 87' lang='lat' dir='ltr'><strong>l&#39;acc.</strong></span> <span class='ocrx_word' id='word_1_256' title='bbox 1875 1484 1927 1533; x_wconf 88' lang='lat' dir='ltr'><strong>in</strong></span> <span class='ocrx_word' id='word_1_257' title='bbox 1965 1484 2004 1542; x_wconf 90' lang='lat' dir='ltr'><strong>I,</strong></span> <span class='ocrx_word' id='word_1_258' title='bbox 2045 1494 2174 1548; x_wconf 86' lang='lat'>745:</span> <span class='ocrx_word' id='word_1_259' title='bbox 2234 1503 2259 1527; x_wconf 74' lang='lat' dir='ltr'><strong>e</strong></span> <span class='ocrx_word' id='word_1_260' title='bbox 2298 1485 2580 1533; x_wconf 81' lang='lat' dir='ltr'><strong>admiscent</strong></span> 
     </span>
     <span class='ocr_line' id='line_1_48' title="bbox 1680 1554 2577 1618; baseline -0.003 -13"><span class='ocrx_word' id='word_1_261' title='bbox 1680 1558 1737 1605; x_wconf 90' lang='lat' dir='ltr'><strong>in</strong></span> <span class='ocrx_word' id='word_1_262' title='bbox 1757 1572 1929 1604; x_wconf 86' lang='lat' dir='ltr'><strong>eorum</strong></span> <span class='ocrx_word' id='word_1_263' title='bbox 1954 1563 2138 1618; x_wconf 78' lang='lat' dir='ltr'><strong>corpus</strong></span> <span class='ocrx_word' id='word_1_264' title='bbox 2157 1555 2313 1603; x_wconf 88' lang='lat' dir='ltr'><strong>inane</strong></span> <span class='ocrx_word' id='word_1_265' title='bbox 2336 1573 2381 1604; x_wconf 68' lang='grc' dir='ltr'><strong>ι.</strong></span> <span class='ocrx_word' id='word_1_266' title='bbox 2405 1554 2577 1603; x_wconf 88' lang='lat' dir='ltr'><strong>Tanto</strong></span> 
     </span>
     <span class='ocr_line' id='line_1_49' title="bbox 1682 1625 2576 1690; baseline -0.002 -15"><span class='ocrx_word' id='word_1_267' title='bbox 1682 1625 1709 1676; x_wconf 76' lang='grc' dir='ltr'>ὲ</span> <span class='ocrx_word' id='word_1_268' title='bbox 1746 1626 1914 1690; x_wconf 87' lang='lat' dir='ltr'><strong>giusto</strong></span> <span class='ocrx_word' id='word_1_269' title='bbox 1952 1626 2276 1674; x_wconf 83' lang='lat' dir='ltr'><strong>l&#39;accusativo</strong></span> <span class='ocrx_word' id='word_1_270' title='bbox 2313 1625 2419 1690; x_wconf 84' lang='lat' dir='ltr'><strong>qui,</strong></span> <span class='ocrx_word' id='word_1_271' title='bbox 2457 1632 2576 1674; x_wconf 88' lang='lat' dir='ltr'><strong>trat-</strong></span> 
     </span>
     <span class='ocr_line' id='line_1_50' title="bbox 1681 1695 2571 1760; baseline -0.003 -14"><span class='ocrx_word' id='word_1_272' title='bbox 1681 1696 1880 1746; x_wconf 86' lang='lat' dir='ltr'><strong>tandosi</strong></span> <span class='ocrx_word' id='word_1_273' title='bbox 1917 1697 1969 1745; x_wconf 92' lang='lat' dir='ltr'><strong>di</strong></span> <span class='ocrx_word' id='word_1_274' title='bbox 1997 1698 2186 1755; x_wconf 85' lang='lat' dir='ltr'><strong>azione,</strong></span> <span class='ocrx_word' id='word_1_275' title='bbox 2217 1704 2408 1760; x_wconf 86' lang='lat' dir='ltr'><strong>quanto</strong></span> <span class='ocrx_word' id='word_1_276' title='bbox 2435 1695 2571 1745; x_wconf 85' lang='lat' dir='ltr'><strong>l&#39;abl.</strong></span> 
     </span>
     <span class='ocr_line' id='line_1_51' title="bbox 1682 1766 2575 1832; baseline -0.002 -16"><span class='ocrx_word' id='word_1_277' title='bbox 1682 1767 1767 1817; x_wconf 91' lang='lat' dir='ltr'><strong>nel</strong></span> <span class='ocrx_word' id='word_1_278' title='bbox 1802 1773 1974 1816; x_wconf 87' lang='lat' dir='ltr'><strong>nostro</strong></span> <span class='ocrx_word' id='word_1_279' title='bbox 2011 1783 2175 1832; x_wconf 84' lang='lat' dir='ltr'><strong>passo,</strong></span> <span class='ocrx_word' id='word_1_280' title='bbox 2204 1767 2498 1816; x_wconf 85' lang='lat' dir='ltr'><strong>trattandosi</strong></span> <span class='ocrx_word' id='word_1_281' title='bbox 2521 1766 2575 1814; x_wconf 85' lang='lat' dir='ltr'><strong>di</strong></span> 
     </span>
     <span class='ocr_line' id='line_1_52' title="bbox 1681 1836 2574 1902; baseline -0.001 -15"><span class='ocrx_word' id='word_1_282' title='bbox 1681 1845 1811 1887; x_wconf 89' lang='lat' dir='ltr'><strong>stato</strong></span> <span class='ocrx_word' id='word_1_283' title='bbox 1848 1836 1960 1902; x_wconf 91' lang='lat' dir='ltr'><strong>(cfr.</strong></span> <span class='ocrx_word' id='word_1_284' title='bbox 1999 1839 2178 1886; x_wconf 85' lang='lat' dir='ltr'><strong>abdere</strong></span> <span class='ocrx_word' id='word_1_285' title='bbox 2221 1853 2272 1886; x_wconf 92' lang='lat' dir='ltr'><strong>se</strong></span> <span class='ocrx_word' id='word_1_286' title='bbox 2321 1838 2377 1886; x_wconf 85' lang='lat' dir='ltr'><strong>in</strong></span> <span class='ocrx_word' id='word_1_287' title='bbox 2413 1838 2574 1894; x_wconf 85' lang='lat' dir='ltr'><strong>aedes,</strong></span> 
     </span>
    </p>
   </div>
   <div class='ocr_carea' id='block_1_5' title="bbox 1628 1904 2261 1971">
    <p class='ocr_par' dir='ltr' id='par_1_9' title="bbox 1628 1904 2261 1971">
     <span class='ocr_line' id='line_1_53' title="bbox 1628 1904 2261 1971; baseline -0.002 -14"><span class='ocrx_word' id='word_1_288' title='bbox 1628 1948 1643 1967; x_wconf 85' lang='grc'><em>,</em></span> <span class='ocrx_word' id='word_1_289' title='bbox 1681 1910 1883 1957; x_wconf 85' lang='lat' dir='ltr'><strong>abditus</strong></span> <span class='ocrx_word' id='word_1_290' title='bbox 1922 1910 1979 1957; x_wconf 89' lang='lat' dir='ltr'><strong>in</strong></span> <span class='ocrx_word' id='word_1_291' title='bbox 2016 1904 2261 1971; x_wconf 86' lang='lat' dir='ltr'><strong>aedibus).</strong></span> 
     </span>
    </p>
   </div>
   <div class='ocr_carea' id='block_1_6' title="bbox 1678 1979 2585 3741">
    <p class='ocr_par' dir='ltr' id='par_1_10' title="bbox 1680 1979 2577 2468">
     <span class='ocr_line' id='line_1_54' title="bbox 1755 1979 2577 2045; baseline -0.002 -17"><span class='ocrx_word' id='word_1_292' title='bbox 1755 1990 1872 2045; x_wconf 88' lang='lat'><strong>572.</strong></span> <span class='ocrx_word' id='word_1_293' title='bbox 1880 1979 2136 2044; x_wconf 87' lang='lat' dir='ltr'><strong>funditus</strong></span> <span class='ocrx_word' id='word_1_294' title='bbox 2161 1979 2346 2027; x_wconf 84' lang='lat' dir='ltr'><strong>omnis:</strong></span> <span class='ocrx_word' id='word_1_295' title='bbox 2369 1995 2459 2043; x_wconf 89' lang='lat' dir='ltr'><strong>per</strong></span> <span class='ocrx_word' id='word_1_296' title='bbox 2477 1979 2577 2026; x_wconf 87' lang='lat' dir='ltr'><strong>raf-</strong></span> 
     </span>
     <span class='ocr_line' id='line_1_55' title="bbox 1683 2049 2575 2099; baseline -0.001 -1"><span class='ocrx_word' id='word_1_297' title='bbox 1683 2049 1874 2099; x_wconf 84' lang='lat' dir='ltr'><strong>forzare</strong></span> <span class='ocrx_word' id='word_1_298' title='bbox 1910 2050 2252 2099; x_wconf 85' lang='lat' dir='ltr'><strong>vivacemente</strong></span> <span class='ocrx_word' id='word_1_299' title='bbox 2278 2049 2317 2097; x_wconf 94' lang='lat' dir='ltr'><strong>il</strong></span> <span class='ocrx_word' id='word_1_300' title='bbox 2341 2056 2575 2098; x_wconf 88' lang='lat' dir='ltr'><strong>concetto</strong></span> 
     </span>
     <span class='ocr_line' id='line_1_56' title="bbox 1682 2118 2576 2184; baseline 0.002 -15"><span class='ocrx_word' id='word_1_301' title='bbox 1682 2120 1734 2170; x_wconf 87' lang='lat' dir='ltr'><strong>di</strong></span> <span class='ocrx_word' id='word_1_302' title='bbox 1759 2122 1939 2171; x_wconf 84' lang='lat' dir='ltr'><strong>omnis.</strong></span> <span class='ocrx_word' id='word_1_303' title='bbox 1964 2120 2220 2170; x_wconf 86' lang='lat' dir='ltr'><strong>Abbiamo</strong></span> <span class='ocrx_word' id='word_1_304' title='bbox 2244 2118 2329 2184; x_wconf 70' lang='lat' dir='ltr'><strong>gia</strong></span> <span class='ocrx_word' id='word_1_305' title='bbox 2352 2120 2576 2171; x_wconf 88' lang='lat' dir='ltr'><strong>discorso</strong></span> 
     </span>
     <span class='ocr_line' id='line_1_57' title="bbox 1681 2191 2571 2257; baseline -0.002 -15"><span class='ocrx_word' id='word_1_306' title='bbox 1681 2192 1730 2242; x_wconf 86' lang='lat' dir='ltr'><strong>al</strong></span> <span class='ocrx_word' id='word_1_307' title='bbox 1761 2208 1805 2241; x_wconf 86' lang='lat' dir='ltr'><strong>v.</strong></span> <span class='ocrx_word' id='word_1_308' title='bbox 1832 2191 1937 2254; x_wconf 93' lang='lat'><strong>478</strong></span> <span class='ocrx_word' id='word_1_309' title='bbox 1963 2192 2015 2240; x_wconf 91' lang='lat' dir='ltr'><strong>di</strong></span> <span class='ocrx_word' id='word_1_310' title='bbox 2041 2198 2218 2257; x_wconf 84' lang='lat' dir='ltr'><strong>questa</strong></span> <span class='ocrx_word' id='word_1_311' title='bbox 2243 2192 2571 2257; x_wconf 87' lang='lat' dir='ltr'><strong>espressione.</strong></span> 
     </span>
     <span class='ocr_line' id='line_1_58' title="bbox 1682 2260 2573 2327; baseline -0.001 -16"><span class='ocrx_word' id='word_1_312' title='bbox 1682 2262 1786 2326; x_wconf 88' lang='lat' dir='ltr'><strong>Qui</strong></span> <span class='ocrx_word' id='word_1_313' title='bbox 1821 2260 1848 2310; x_wconf 82' lang='grc' dir='ltr'>ὲ</span> <span class='ocrx_word' id='word_1_314' title='bbox 1889 2263 2125 2312; x_wconf 88' lang='lat' dir='ltr'><strong>notevole</strong></span> <span class='ocrx_word' id='word_1_315' title='bbox 2175 2263 2207 2311; x_wconf 84' lang='lat'><strong>1¹</strong></span> <span class='ocrx_word' id='word_1_316' title='bbox 2223 2263 2412 2312; x_wconf 87' lang='lat' dir='ltr'><strong>unione</strong></span> <span class='ocrx_word' id='word_1_317' title='bbox 2431 2262 2573 2327; x_wconf 85' lang='lat' dir='ltr'><strong>fun-</strong></span> 
     </span>
     <span class='ocr_line' id='line_1_59' title="bbox 1682 2334 2573 2400; baseline 0 -18"><span class='ocrx_word' id='word_1_318' title='bbox 1682 2335 1870 2386; x_wconf 85' lang='lat' dir='ltr'><strong>ditus...</strong></span> <span class='ocrx_word' id='word_1_319' title='bbox 1908 2334 2256 2400; x_wconf 75' lang='lat' dir='ltr'><strong>fundamenti</strong></span> <span class='ocrx_word' id='word_1_320' title='bbox 2270 2351 2294 2391; x_wconf 90' lang='lat'><strong>,·</strong></span> <span class='ocrx_word' id='word_1_321' title='bbox 2350 2349 2396 2383; x_wconf 78' lang='lat' dir='ltr'><strong>v,</strong></span> <span class='ocrx_word' id='word_1_322' title='bbox 2454 2341 2573 2390; x_wconf 84' lang='lat' dir='ltr'><strong>nota</strong></span> 
     </span>
     <span class='ocr_line' id='line_1_60' title="bbox 1680 2410 1942 2468; baseline -0.008 -14"><span class='ocrx_word' id='word_1_323' title='bbox 1680 2410 1942 2468; x_wconf 88' lang='lat' dir='ltr'><strong>seguente.</strong></span> 
     </span>
    </p>

    <p class='ocr_par' dir='ltr' id='par_1_11' title="bbox 1678 2475 2585 3741">
     <span class='ocr_line' id='line_1_61' title="bbox 1767 2475 2583 2541; baseline -0.001 -18"><span class='ocrx_word' id='word_1_324' title='bbox 1767 2484 1882 2539; x_wconf 83' lang='lat'>573.</span> <span class='ocrx_word' id='word_1_325' title='bbox 1942 2475 2202 2541; x_wconf 84' lang='lat' dir='ltr'><strong>principio</strong></span> <span class='ocrx_word' id='word_1_326' title='bbox 2233 2475 2583 2538; x_wconf 82' lang='lat' dir='ltr'><strong>fundamenti</strong></span> 
     </span>
     <span class='ocr_line' id='line_1_62' title="bbox 1683 2545 2572 2610; baseline 0.001 -16"><span class='ocrx_word' id='word_1_327' title='bbox 1683 2567 1751 2588; x_wconf 88' lang='lat'><strong>==</strong></span> <span class='ocrx_word' id='word_1_328' title='bbox 1779 2547 2039 2610; x_wconf 83' lang='lat' dir='ltr'><strong>principio</strong></span> <span class='ocrx_word' id='word_1_329' title='bbox 2076 2547 2133 2594; x_wconf 87' lang='lat' dir='ltr'><strong>in</strong></span> <span class='ocrx_word' id='word_1_330' title='bbox 2164 2562 2264 2609; x_wconf 83' lang='lat' dir='ltr'><strong>quo</strong></span> <span class='ocrx_word' id='word_1_331' title='bbox 2284 2545 2572 2608; x_wconf 81' lang='lat' dir='ltr'><strong>fundetur.</strong></span> 
     </span>
     <span class='ocr_line' id='line_1_63' title="bbox 1683 2615 2574 2681; baseline -0.001 -16"><span class='ocrx_word' id='word_1_332' title='bbox 1683 2618 1876 2681; x_wconf 84' lang='lat' dir='ltr'><strong>Questo</strong></span> <span class='ocrx_word' id='word_1_333' title='bbox 1926 2615 2176 2681; x_wconf 87' lang='lat' dir='ltr'><strong>principio</strong></span> <span class='ocrx_word' id='word_1_334' title='bbox 2231 2617 2355 2665; x_wconf 88' lang='lat' dir='ltr'><strong>deve</strong></span> <span class='ocrx_word' id='word_1_335' title='bbox 2409 2631 2574 2664; x_wconf 87' lang='lat' dir='ltr'><strong>essere</strong></span> 
     </span>
     <span class='ocr_line' id='line_1_64' title="bbox 1685 2686 2573 2736; baseline 0 0"><span class='ocrx_word' id='word_1_336' title='bbox 1685 2688 1895 2736; x_wconf 86' lang='lat' dir='ltr'><strong>l’atomo</strong></span> <span class='ocrx_word' id='word_1_337' title='bbox 1948 2686 2112 2735; x_wconf 90' lang='lat' dir='ltr'><strong>solido</strong></span> <span class='ocrx_word' id='word_1_338' title='bbox 2161 2687 2224 2736; x_wconf 89' lang='lat' dir='ltr'><strong>ed</strong></span> <span class='ocrx_word' id='word_1_339' title='bbox 2273 2687 2573 2736; x_wconf 87' lang='lat' dir='ltr'><strong>immortale.</strong></span> 
     </span>
     <span class='ocr_line' id='line_1_65' title="bbox 1682 2758 2577 2822; baseline 0 -15"><span class='ocrx_word' id='word_1_340' title='bbox 1682 2758 1782 2807; x_wconf 89' lang='lat' dir='ltr'><strong>Nel</strong></span> <span class='ocrx_word' id='word_1_341' title='bbox 1817 2758 1949 2805; x_wconf 91' lang='lat' dir='ltr'><strong>libro</strong></span> <span class='ocrx_word' id='word_1_342' title='bbox 1984 2758 2038 2807; x_wconf 90' lang='lat'><strong>11</strong></span> <span class='ocrx_word' id='word_1_343' title='bbox 2086 2758 2263 2822; x_wconf 84' lang='lat' dir='ltr'><strong>spiega</strong></span> <span class='ocrx_word' id='word_1_344' title='bbox 2306 2758 2399 2807; x_wconf 89' lang='lat' dir='ltr'><strong>che</strong></span> <span class='ocrx_word' id='word_1_345' title='bbox 2447 2765 2577 2807; x_wconf 87' lang='lat' dir='ltr'><strong>tutte</strong></span> 
     </span>
     <span class='ocr_line' id='line_1_66' title="bbox 1682 2827 2577 2878; baseline -0.002 0"><span class='ocrx_word' id='word_1_346' title='bbox 1682 2829 1732 2878; x_wconf 87' lang='lat' dir='ltr'><strong>le</strong></span> <span class='ocrx_word' id='word_1_347' title='bbox 1768 2827 2070 2877; x_wconf 87' lang='lat' dir='ltr'><strong>circostanze</strong></span> <span class='ocrx_word' id='word_1_348' title='bbox 2095 2829 2188 2877; x_wconf 90' lang='lat' dir='ltr'><strong>che</strong></span> <span class='ocrx_word' id='word_1_349' title='bbox 2224 2828 2577 2878; x_wconf 87' lang='lat' dir='ltr'><strong>determinano</strong></span> 
     </span>
     <span class='ocr_line' id='line_1_67' title="bbox 1682 2898 2574 2964; baseline 0 -16"><span class='ocrx_word' id='word_1_350' title='bbox 1682 2900 1732 2948; x_wconf 88' lang='lat' dir='ltr'><strong>la</strong></span> <span class='ocrx_word' id='word_1_351' title='bbox 1757 2907 1917 2950; x_wconf 87' lang='lat' dir='ltr'><strong>morte</strong></span> <span class='ocrx_word' id='word_1_352' title='bbox 1945 2899 2027 2948; x_wconf 85' lang='lat' dir='ltr'><strong>dei</strong></span> <span class='ocrx_word' id='word_1_353' title='bbox 2052 2900 2192 2964; x_wconf 88' lang='lat' dir='ltr'><strong>corpi</strong></span> <span class='ocrx_word' id='word_1_354' title='bbox 2217 2915 2342 2948; x_wconf 88' lang='lat' dir='ltr'><strong>sono</strong></span> <span class='ocrx_word' id='word_1_355' title='bbox 2366 2898 2574 2948; x_wconf 90' lang='lat' dir='ltr'><strong>lontane</strong></span> 
     </span>
     <span class='ocr_line' id='line_1_68' title="bbox 1681 2968 2576 3033; baseline -0.001 -15"><span class='ocrx_word' id='word_1_356' title='bbox 1681 2970 1818 3033; x_wconf 88' lang='lat' dir='ltr'><strong>dagli</strong></span> <span class='ocrx_word' id='word_1_357' title='bbox 1856 2969 2026 3030; x_wconf 87' lang='lat' dir='ltr'><strong>atomi,</strong></span> <span class='ocrx_word' id='word_1_358' title='bbox 2065 2986 2141 3018; x_wconf 87' lang='lat' dir='ltr'><strong>vv.</strong></span> <span class='ocrx_word' id='word_1_359' title='bbox 2182 2968 2372 3030; x_wconf 92' lang='lat'>861-4:</span> <span class='ocrx_word' id='word_1_360' title='bbox 2415 2990 2440 3014; x_wconf 73' lang='lat' dir='ltr'><strong>e</strong></span> <span class='ocrx_word' id='word_1_361' title='bbox 2472 2986 2576 3017; x_wconf 81' lang='lat' dir='ltr'><strong>om·</strong></span> 
     </span>
     <span class='ocr_line' id='line_1_69' title="bbox 1682 3040 2578 3104; baseline -0.002 -15"><span class='ocrx_word' id='word_1_362' title='bbox 1682 3043 1771 3089; x_wconf 85' lang='lat' dir='ltr'><strong>nia</strong></span> <span class='ocrx_word' id='word_1_363' title='bbox 1819 3042 1929 3089; x_wconf 85' lang='lat' dir='ltr'><strong>sint</strong></span> <span class='ocrx_word' id='word_1_364' title='bbox 1961 3056 1992 3088; x_wconf 89' lang='lat' dir='ltr'><strong>a</strong></span> <span class='ocrx_word' id='word_1_365' title='bbox 2032 3041 2311 3104; x_wconf 81' lang='lat' dir='ltr'><strong>principiis</strong></span> <span class='ocrx_word' id='word_1_366' title='bbox 2348 3040 2578 3089; x_wconf 84' lang='lat' dir='ltr'><strong>seiuncta</strong></span> 
     </span>
     <span class='ocr_line' id='line_1_70' title="bbox 1680 3110 2577 3169; baseline -0.001 -9"><span class='ocrx_word' id='word_1_367' title='bbox 1680 3118 1933 3169; x_wconf 85' lang='lat' dir='ltr'><strong>necessest,</strong></span> <span class='ocrx_word' id='word_1_368' title='bbox 1970 3112 2295 3160; x_wconf 87' lang='lat' dir='ltr'><strong>Immortalia</strong></span> <span class='ocrx_word' id='word_1_369' title='bbox 2342 3112 2390 3159; x_wconf 89' lang='lat' dir='ltr'><strong>si</strong></span> <span class='ocrx_word' id='word_1_370' title='bbox 2431 3110 2577 3159; x_wconf 78' lang='lat' dir='ltr'><em>volu-</em></span> 
     </span>
     <span class='ocr_line' id='line_1_71' title="bbox 1680 3182 2577 3246; baseline -0.002 -16"><span class='ocrx_word' id='word_1_371' title='bbox 1680 3198 1794 3230; x_wconf 86' lang='lat' dir='ltr'><strong>mus</strong></span> <span class='ocrx_word' id='word_1_372' title='bbox 1817 3183 2120 3246; x_wconf 80' lang='lat' dir='ltr'><strong>subiungere</strong></span> <span class='ocrx_word' id='word_1_373' title='bbox 2144 3183 2293 3229; x_wconf 84' lang='lat' dir='ltr'><strong>rebus</strong></span> <span class='ocrx_word' id='word_1_374' title='bbox 2330 3182 2577 3229; x_wconf 82' lang='lat' dir='ltr'><strong>Funda-</strong></span> 
     </span>
     <span class='ocr_line' id='line_1_72' title="bbox 1681 3254 2576 3315; baseline -0.002 -15"><span class='ocrx_word' id='word_1_375' title='bbox 1681 3260 1906 3311; x_wconf 83' lang='lat' dir='ltr'><strong>menta,</strong></span> <span class='ocrx_word' id='word_1_376' title='bbox 1940 3254 2122 3315; x_wconf 81' lang='lat' dir='ltr'><strong>quibus</strong></span> <span class='ocrx_word' id='word_1_377' title='bbox 2150 3254 2354 3300; x_wconf 85' lang='lat' dir='ltr'><strong>nitatur</strong></span> <span class='ocrx_word' id='word_1_378' title='bbox 2377 3267 2576 3300; x_wconf 85' lang='lat' dir='ltr'><strong>summa</strong></span> 
     </span>
     <span class='ocr_line' id='line_1_73' title="bbox 1678 3323 2585 3372; baseline -0.002 -1"><span class='ocrx_word' id='word_1_379' title='bbox 1678 3323 1866 3372; x_wconf 85' lang='lat' dir='ltr'><strong>salutis</strong></span> <span class='ocrx_word' id='word_1_380' title='bbox 1902 3323 1984 3370; x_wconf 87' lang='lat' dir='ltr'><strong>Ne</strong></span> <span class='ocrx_word' id='word_1_381' title='bbox 2021 3324 2113 3371; x_wconf 84' lang='lat' dir='ltr'><strong>tibi</strong></span> <span class='ocrx_word' id='word_1_382' title='bbox 2139 3338 2220 3370; x_wconf 88' lang='lat' dir='ltr'><strong>res</strong></span> <span class='ocrx_word' id='word_1_383' title='bbox 2256 3324 2470 3371; x_wconf 82' lang='lat' dir='ltr'><strong>redeant</strong></span> <span class='ocrx_word' id='word_1_384' title='bbox 2504 3323 2585 3369; x_wconf 82' lang='lat' dir='ltr'><strong>ad</strong></span> 
     </span>
     <span class='ocr_line' id='line_1_74' title="bbox 1680 3392 2576 3457; baseline -0.003 -15"><span class='ocrx_word' id='word_1_385' title='bbox 1680 3394 1846 3442; x_wconf 83' lang='lat' dir='ltr'><strong>nilum</strong></span> <span class='ocrx_word' id='word_1_386' title='bbox 1885 3392 1983 3457; x_wconf 84' lang='lat' dir='ltr'><strong>fu</strong></span> <span class='ocrx_word' id='word_1_387' title='bbox 2006 3410 2040 3441; x_wconf 90' lang='lat' dir='ltr'><strong>n</strong></span> <span class='ocrx_word' id='word_1_388' title='bbox 2062 3394 2223 3442; x_wconf 80' lang='lat' dir='ltr'><strong>dieu</strong></span> <span class='ocrx_word' id='word_1_389' title='bbox 2243 3410 2267 3441; x_wconf 93' lang='lat' dir='ltr'><strong>s</strong></span> <span class='ocrx_word' id='word_1_390' title='bbox 2321 3408 2489 3441; x_wconf 87' lang='lat' dir='ltr'><strong>omnes</strong></span> <span class='ocrx_word' id='word_1_391' title='bbox 2533 3411 2576 3440; x_wconf 72' lang='grc' dir='ltr'><strong>ι.</strong></span> 
     </span>
     <span class='ocr_line' id='line_1_75' title="bbox 1679 3463 2576 3529; baseline -0.003 -17"><span class='ocrx_word' id='word_1_392' title='bbox 1679 3464 1779 3513; x_wconf 92' lang='lat' dir='ltr'><strong>Nel</strong></span> <span class='ocrx_word' id='word_1_393' title='bbox 1835 3472 2007 3513; x_wconf 86' lang='lat' dir='ltr'><strong>nostro</strong></span> <span class='ocrx_word' id='word_1_394' title='bbox 2055 3479 2205 3529; x_wconf 87' lang='lat' dir='ltr'><strong>passo</strong></span> <span class='ocrx_word' id='word_1_395' title='bbox 2253 3463 2576 3527; x_wconf 79' lang='lat' dir='ltr'><strong>principium</strong></span> 
     </span>
     <span class='ocr_line' id='line_1_76' title="bbox 1679 3529 2575 3598; baseline -0.004 -15"><span class='ocrx_word' id='word_1_396' title='bbox 1679 3550 1783 3584; x_wconf 95' lang='lat' dir='ltr'><strong>non</strong></span> <span class='ocrx_word' id='word_1_397' title='bbox 1810 3529 1837 3582; x_wconf 78' lang='grc' dir='ltr'>ὲ</span> <span class='ocrx_word' id='word_1_398' title='bbox 1865 3535 1949 3585; x_wconf 87' lang='lat' dir='ltr'><strong>nel</strong></span> <span class='ocrx_word' id='word_1_399' title='bbox 1984 3534 2265 3598; x_wconf 84' lang='lat' dir='ltr'><strong>significato</strong></span> <span class='ocrx_word' id='word_1_400' title='bbox 2291 3534 2343 3582; x_wconf 91' lang='lat' dir='ltr'><strong>di</strong></span> <span class='ocrx_word' id='word_1_401' title='bbox 2367 3534 2575 3581; x_wconf 83' lang='lat' dir='ltr'><strong>initium</strong></span> 
     </span>
     <span class='ocr_line' id='line_1_77' title="bbox 1679 3603 2578 3669; baseline -0.004 -15"><span class='ocrx_word' id='word_1_402' title='bbox 1679 3620 1824 3654; x_wconf 86' lang='lat' dir='ltr'><strong>come</strong></span> <span class='ocrx_word' id='word_1_403' title='bbox 1862 3607 1915 3654; x_wconf 90' lang='lat' dir='ltr'><strong>in</strong></span> <span class='ocrx_word' id='word_1_404' title='bbox 1953 3622 1997 3654; x_wconf 91' lang='lat' dir='ltr'><strong>v.</strong></span> <span class='ocrx_word' id='word_1_405' title='bbox 2040 3618 2155 3669; x_wconf 89' lang='lat'>339,</span> <span class='ocrx_word' id='word_1_406' title='bbox 2196 3622 2223 3655; x_wconf 87' lang='lat' dir='ltr'><strong>e</strong></span> <span class='ocrx_word' id='word_1_407' title='bbox 2259 3619 2486 3669; x_wconf 85' lang='lat' dir='ltr'><strong>neppure</strong></span> <span class='ocrx_word' id='word_1_408' title='bbox 2522 3603 2578 3650; x_wconf 82' lang='lat' dir='ltr'><strong>in</strong></span> 
     </span>
     <span class='ocr_line' id='line_1_78' title="bbox 1681 3674 2577 3741; baseline -0.008 -13"><span class='ocrx_word' id='word_1_409' title='bbox 1681 3676 1855 3741; x_wconf 82' lang='lat' dir='ltr'><strong>quello</strong></span> <span class='ocrx_word' id='word_1_410' title='bbox 1881 3678 1932 3725; x_wconf 86' lang='lat' dir='ltr'><strong>di</strong></span> <span class='ocrx_word' id='word_1_411' title='bbox 1968 3696 1991 3721; x_wconf 72' lang='grc' dir='ltr'>ι</span> <span class='ocrx_word' id='word_1_412' title='bbox 2020 3685 2191 3726; x_wconf 87' lang='lat' dir='ltr'><strong>atomo</strong></span> <span class='ocrx_word' id='word_1_413' title='bbox 2223 3694 2245 3719; x_wconf 69' lang='grc' dir='ltr'><strong><em>ι</em></strong></span> <span class='ocrx_word' id='word_1_414' title='bbox 2275 3674 2577 3724; x_wconf 86' lang='lat' dir='ltr'><strong>individual-</strong></span> 
     </span>
    </p>
   </div>
   <div class='ocr_carea' id='block_1_7' title="bbox 2865 288 2868 827">
    <p class='ocr_par' dir='ltr' id='par_1_12' title="bbox 2865 288 2868 827">
     <span class='ocr_line' id='line_1_79' title="bbox 2865 288 2868 827; baseline 0 0"><span class='ocrx_word' id='word_1_415' title='bbox 2865 288 2868 827; x_wconf 95' lang='lat' dir='ltr'><strong> </strong></span> 
     </span>
    </p>
   </div>
   <div class='ocr_carea' id='block_1_8' title="bbox 2866 2525 2869 3436">
    <p class='ocr_par' dir='ltr' id='par_1_13' title="bbox 2866 2525 2869 3436">
     <span class='ocr_line' id='line_1_80' title="bbox 2866 2525 2869 3436; baseline 0 0"><span class='ocrx_word' id='word_1_416' title='bbox 2866 2525 2869 3436; x_wconf 95' lang='lat' dir='ltr'><strong> </strong></span> 
     </span>
    </p>
   </div>
   <div class='ocr_carea' id='block_1_9' title="bbox 2866 3733 2869 4242">
    <p class='ocr_par' dir='ltr' id='par_1_14' title="bbox 2866 3733 2869 4242">
     <span class='ocr_line' id='line_1_81' title="bbox 2866 3733 2869 4242; baseline 0 0"><span class='ocrx_word' id='word_1_417' title='bbox 2866 3733 2869 4242; x_wconf 95' lang='lat' dir='ltr'><strong> </strong></span> 
     </span>
    </p>
   </div>
  </div>
 </body>
</html>
