2917 4275
722 348 839 400 14²

1296 331 1311 344 ⁰
1388 333 1453 386 Τ.
1497 341 1761 386 Lucam-1
1806 342 1952 387 cam

708 487 841 528 esse
886 467 1050 542 quod
1079 466 1157 525 ad
1189 484 1393 525 sensus
1422 476 1656 525 nostros
1685 463 1998 525 minimum
2023 485 2150 526 esse
2180 465 2434 536 videtur,
2490 483 2518 539 7
2535 487 2614 542 50

710 556 984 618 conicere
1031 564 1097 614 ut
1140 552 1331 632 possis
1374 573 1447 613 ex
1491 556 1624 626 hoc,
1673 573 1824 630 quae
1868 573 2110 615 cernere
2157 574 2280 614 non
2329 553 2461 631 quis

706 656 1043 705 extremum
1089 644 1253 720 quod
1298 645 1544 712 habent,
1592 643 1906 704 minimum
1953 641 2274 704 consistere
2318 662 2476 704 vere.

713 736 833 794 huc
876 732 1104 793 accedit
1146 731 1305 802 item,
1358 731 1643 807 quoniam
1689 731 2012 810 primordia
2055 752 2252 791 rerum

712 821 918 882 mollia
961 819 1347 893 constituunt,
1396 838 1552 896 quae
1598 840 1709 880 nos
1753 820 1953 880 nativa
1995 820 2270 880 videmus

710 930 840 971 esse
886 920 945 970 et
988 908 1225 969 mortali
1265 927 1403 968 cum
1449 928 1714 987 corpore,
1764 909 2028 969 funditus
2073 907 2242 984 utqui

2489 925 2609 985 755

714 1001 931 1059 debeat
976 998 1053 1058 ad
1098 997 1287 1057 nilum
1334 995 1451 1056 iam
1498 1017 1696 1058 rerum
1737 1017 1967 1058 summa
2011 996 2225 1057 reverti

712 1089 791 1148 de
836 1087 1081 1164 niloque
1125 1095 1331 1145 renata
1375 1085 1676 1163 vigescere
1722 1085 1894 1164 copia
1938 1103 2168 1160 rerum3

715 1335 911 1383 nimum
948 1333 1004 1382 in
1040 1332 1125 1383 cui
1167 1331 1423 1396 possiamo
1480 1332 1609 1381 scin-

710 1405 834 1454 dere
868 1403 933 1451 ad
967 1419 1037 1453 es·
1076 1419 1178 1451 una
1214 1409 1355 1467 parte
1392 1403 1559 1452 destra
1584 1419 1613 1452 e

714 1491 816 1524 una
840 1473 1055 1534 sinistra,
1083 1469 1112 1521 ὲ
1140 1490 1210 1522 un
1237 1475 1505 1522 minimum
1527 1474 1611 1522 in-

712 1560 831 1595 vece
888 1545 982 1593 che
1040 1544 1177 1593 nella
1234 1542 1610 1609 complessivitb.

714 1631 805 1665 sua
848 1612 876 1662 ὲ
926 1630 1030 1663 uno
1080 1631 1109 1663 e
1162 1614 1504 1664 inscindibile.
1553 1617 1614 1664 In

710 1693 895 1751 questo
932 1686 1200 1734 minimum
1249 1700 1353 1732 non
1401 1686 1614 1734 sarebbe

710 1758 923 1821 dunque
978 1754 1225 1820 possibile
1286 1771 1488 1820 passare
1548 1757 1616 1805 da

714 1843 817 1876 una
841 1833 982 1893 parte
1000 1827 1168 1875 destra
1185 1826 1248 1875 ad
1269 1842 1371 1875 una
1394 1826 1612 1886 sinistra,

712 1895 920 1962 giacche
945 1905 1126 1962 questo
1146 1898 1413 1946 minimum
1437 1899 1480 1946 si
1502 1914 1613 1963 pre·

712 1978 871 2028 senta,
921 1969 1058 2019 nella
1112 1965 1467 2017 individuali&⁴
1503 1985 1606 2029 sua,

711 2039 1074 2104 inseparabile;
1131 2055 1323 2104 eppure
1373 2039 1412 2086 il
1459 2055 1615 2104 corpo

712 2127 818 2161 non
857 2110 1035 2160 risulta
1062 2110 1155 2160 che
1179 2110 1230 2157 di
1258 2110 1385 2159 tanti
1411 2111 1463 2159 di
1489 2126 1615 2176 que-

716 2183 781 2231 sti
836 2183 1121 2231 mim‘mum.
1178 2183 1240 2229 In
1295 2181 1405 2245 pari
1458 2182 1616 2230 modo

714 2252 874 2301 anche
906 2251 1201 2301 nell'atomo
1226 2252 1273 2300 ci
1298 2252 1424 2301 deve
1448 2269 1614 2303 essere

714 2339 785 2371 un
822 2323 1105 2379 minimum,
1146 2337 1228 2370 ma
1255 2331 1437 2387 questo
1463 2325 1614 2371 mini-

715 2409 855 2442 mum
908 2388 937 2440 ὲ
991 2393 1029 2440 il
1083 2394 1351 2441 minimum
1390 2393 1615 2442 assoluto

712 2464 852 2513 della
890 2463 1099 2513 materia
1138 2479 1167 2512 e
1203 2463 1380 2529 quindi
1422 2464 1475 2511 di
1504 2480 1615 2513 esso

711 2551 819 2585 non
838 2534 880 2583 si
900 2532 1006 2599 pub
1020 2535 1287 2599 concepire
1308 2535 1435 2582 altra
1453 2544 1613 2599 parte.

788 2617 906 2669 750.
944 2607 1017 2653 ad
1046 2621 1225 2653 sensus
1274 2613 1480 2654 nostros
1519 2607 1614 2654 mi·

716 2678 913 2725 nimum
950 2691 1078 2725 esse:
1123 2675 1268 2739 Epic.
1307 2672 1343 2738 ἓ
1381 2673 1447 2738 58
1499 2672 1617 2725 ἐλά·

711 2763 889 2810 χιστον
924 2742 982 2795 τό
1030 2742 1086 2795 ἕν
1122 2750 1183 2809 τῇ
1232 2742 1490 2809 αἰσθήσει.
1545 2772 1613 2781 —-

712 2819 948 2867 videtur:
986 2816 1075 2883 qui
1111 2832 1257 2866 come
1294 2832 1485 2883 spesso,
1517 2837 1542 2861 ε
1571 2817 1614 2867 si

714 2888 839 2937 vede
882 2906 925 2937 ι.

788 2968 905 3022 751.
944 2959 1168 3008 conicere
1191 2964 1255 3005 ut
1280 2960 1451 3022 possis
1481 2973 1606 3008 ecc.:

714 3030 859 3093 Epic.
900 3026 934 3093 ἓ
968 3028 1058 3092 58;
1098 3025 1257 3091 ταύτῇ
1284 3032 1345 3092 τῇ
1370 3024 1614 3093 ἀναλογίᾳ

712 3097 982 3161 νομιστέον
1017 3096 1108 3148 καὶ
1146 3094 1204 3148 τὸ
1240 3096 1296 3147 ἐν
1332 3102 1394 3163 τῇ
1432 3096 1614 3163 ἀτόμῳ

716 3166 981 3232 ἐλάχιστον
1015 3167 1329 3234 κεχρῆσθαι.

790 3249 909 3303 752.
944 3256 1097 3289 vere:
1145 3240 1231 3291 nei
1277 3240 1439 3288 codici
1477 3240 1614 3305 dopo

716 3312 987 3360 consistere
1005 3326 1184 3359 manca
1204 3310 1255 3358 la
1273 3310 1448 3375 parola
1463 3309 1614 3359 finale

716 3380 800 3431 del
842 3395 1001 3430 verso,
1050 3382 1128 3431 Fu
1178 3380 1404 3445 supplito
1454 3380 1613 3430 varia·

715 3458 887 3502 mente
906 3451 1197 3515 (prorsum,
1219 3452 1387 3510 rebus,
1407 3452 1466 3499 in
1489 3452 1612 3510 illis,

709 3524 777 3572 id
806 3518 1030 3585 horum).
1067 3521 1383 3571 Accettiamo
1421 3521 1462 3570 il
1495 3511 1615 3571 bere

716 3593 811 3643 che
848 3589 877 3641 e
913 3592 999 3641 del
1034 3592 1429 3641 winckelmann
1468 3609 1498 3642 e
1530 3592 1616 3643 del

716 3663 939 3728 Brieger,
966 3658 1152 3729 perche
1177 3678 1289 3713 esso
1308 3662 1444 3715 dice:
1481 3682 1504 3707 ι
1534 3680 1615 3715 as-

1720 1332 2056 1382 solutamente
2118 1331 2331 1379 minimo
2386 1349 2410 1372 ι
2471 1345 2619 1380 come

1721 1404 1810 1470 qui
1847 1403 1890 1452 si
1927 1402 2162 1452 richiede.
2193 1401 2411 1450 Ordina:
2453 1409 2619 1450 extre-

1721 1491 1859 1523 mum
1909 1475 2050 1537 quod
2090 1475 2275 1521 habent
2327 1469 2433 1535 (ea)
2489 1488 2620 1535 quae

1718 1562 1822 1592 non
1883 1546 1998 1608 quis
2061 1559 2281 1602 cernere,
2347 1544 2620 1591 consistere

1721 1617 1990 1664 minimum
2026 1631 2159 1663 vere.

1794 1696 1821 1747 7
1832 1682 1970 1749 53-8.
2010 1685 2076 1735 Se
2111 1684 2439 1734 stabiliscono
2471 1698 2619 1732 come

1721 1755 1959 1806 elementi
1984 1755 2153 1805 alcuni
2174 1756 2316 1820 corpi
2330 1755 2422 1804 che
2436 1755 2522 1803 noi
2535 1771 2620 1802 ve-

1721 1827 1889 1876 diamo
1926 1827 2105 1891 perire,
2132 1827 2372 1876 debbono
2398 1831 2618 1874 ammet-

1720 1905 1825 1947 tere
1848 1898 1940 1946 che
1959 1914 2109 1962 possa
2134 1898 2296 1962 perire
2317 1897 2349 1944 l'
2365 1897 2616 1944 universo,

1720 1968 2034 2033 Empedocle
2089 1975 2390 2018 ammetteva
2439 1968 2619 2016 invece

1723 2037 1974 2088 Peter-nith.
2011 2038 2147 2088 della
2184 2039 2406 2096 materia,
2434 2038 2486 2085 la
2509 2053 2619 2086 me-

1723 2109 1954 2159 scolanza
1974 2109 2072 2160 ela
2090 2110 2473 2175 disgregazione
2496 2122 2618 2157 con-

1721 2183 1862 2230 tinua
1899 2182 1952 2229 di
2001 2197 2144 2244 essa;
2201 2182 2382 2246 quindi
2433 2180 2522 2246 qui
2566 2179 2619 2228 Io

1721 2253 1975 2301 combatte
2011 2268 2108 2301 con
2145 2253 2195 2301 le
2230 2259 2388 2301 stesse
2426 2268 2515 2300 sue
2541 2267 2619 2302 ar·

1720 2324 1816 2373 mi:
1855 2324 2004 2388 Emp.
2044 2323 2106 2371 fr.
2136 2322 2166 2372 8
2191 2322 2370 2372 Diels:
2411 2318 2533 2371 ἄλλο
2559 2318 2621 2369 δέ

1718 2410 1796 2442 τοι
1831 2389 1964 2457 ἐρέω
1984 2407 1995 2420 ·
2039 2391 2197 2456 φύσις
2232 2390 2445 2448 οὐδενός
2482 2388 2618 2441 ἔστιν

1719 2461 1962 2513 ἁπάντων
1997 2461 2225 2527 θνητῶν.
2269 2460 2395 2513 οὐδὲ
2423 2480 2496 2518 τις
2533 2459 2618 2511 οὗ·

1718 2531 1940 2596 λομένου
1961 2532 2207 2590 θανάτοιο
2234 2530 2456 2599 ὲελευτή,
2474 2530 2619 2583 Ἀλλὰ

1717 2603 1880 2669 μόνον
1914 2604 2053 2667 μίξις
2083 2623 2136 2655 τε
2162 2602 2421 2663 διάλλαξίς
2459 2622 2511 2653 τε
2534 2622 2616 2667 μι-

1717 2673 1913 2741 γέντων
1943 2674 2096 2734 Ἐστί,
2135 2674 2292 2739 φύσις
2331 2674 2376 2725 δ’
2404 2672 2487 2725 ἐπὶ
2511 2680 2618 2729 τοῖς

1719 2743 2024 2809 ὀνομάζεται
2063 2744 2438 2812 ἀνθρώποισιν.

1791 2828 1910 2881 753.
1947 2821 2174 2869 accedit:
2208 2834 2364 2882 regge
2411 2819 2445 2867 l'
2465 2818 2622 2881 utqui

1719 2888 1804 2938 del
1844 2905 1890 2938 v.
1930 2898 1958 2951 7
1967 2899 1993 2952 5
2002 2899 2048 2952 5.

1791 2969 1912 3023 755.
1950 2960 2245 3022 funditus:
2299 2956 2402 3023 pub
2458 2960 2618 3009 unirsi

1719 3045 1816 3078 con
1866 3031 2076 3079 mortali
2127 3031 2221 3079 che
2262 3030 2492 3096 precede,
2533 3046 2619 3077 ma

1719 3100 1931 3149 sarebbe
1963 3117 2082 3150 men
2107 3102 2327 3166 propri0,
2358 3097 2544 3166 perche
2567 3100 2620 3150 le

1719 3170 1920 3235 singole
1939 3186 2055 3221 cose
2075 3188 2179 3221 non
2199 3171 2617 3236 perisconofun-

1719 3244 1875 3292 ditus.
1914 3242 2260 3304 Ragionevole
2298 3238 2327 3290 ὲ
2353 3243 2530 3292 invece
2558 3257 2620 3290 u·

1719 3312 1852 3361 nirlo
1888 3327 1984 3361 con
2020 3314 2096 3361 ad
2117 3314 2281 3381 nilum
2307 3315 2501 3361 reverti
2525 3314 2621 3362 che

1719 3396 1891 3446 segue.
1932 3409 1996 3418 —
2033 3384 2188 3447 utqui
2218 3405 2288 3425 =
2319 3390 2396 3443 ut,
2421 3383 2502 3433 col
2527 3384 2626 3447 qui

1720 3453 1958 3508 enclitico
1995 3454 2088 3503 che
2125 3450 2154 3501 ὲ
2193 3470 2319 3519 pure
2349 3450 2404 3502 iix
2444 3455 2622 3517 atqui:

1719 3523 1810 3574 cfr.
1841 3524 2028 3573 Munro
2054 3540 2084 3572 a
2107 3541 2158 3589 q.
2186 3524 2222 3573 1.
2249 3525 2296 3573 11
2319 3524 2622 3573 Lachmann

1718 3593 1768 3643 al
1808 3604 1907 3658 753
1959 3597 2152 3644 accedit
2196 3596 2316 3656 utei,
2361 3611 2390 3645 e
2425 3594 2476 3643 al
2515 3604 2617 3659 755

1719 3680 1895 3729 usque.
