2917 4275
983 338 1064 380 DE
1104 339 1319 383 RERUM
1364 338 1644 382 NATURA.

2140 340 2256 398 125

366 464 625 542 denique
670 463 720 523 si
763 462 1036 524 minimas
1074 464 1142 525 in
1186 464 1366 543 partis
1410 474 1623 526 cuncta
1665 462 1879 524 resolvi

365 573 577 632 cogere
623 565 963 614 consuesset
1006 573 1203 614 rerum
1249 564 1456 613 natura
1501 552 1764 625 creatrix,

364 643 483 702 iarn
530 642 613 701 nil
660 661 734 701 ex
776 640 892 701 illis
936 643 1145 702 eadem
1191 661 1464 719 reparare
1508 643 1732 701 valeret

2133 643 2260 717 630

363 740 677 809 propterea
719 729 875 807 quia,
922 750 1075 807 quae
1126 730 1306 790 nullis
1348 741 1486 791 sunt
1528 729 1795 807 partibus
1837 738 2028 804 aucta,

365 839 488 879 non
533 829 783 897 possunt
827 838 898 879 ea
943 838 1096 895 quae
1143 820 1325 879 debet
1369 818 1640 896 genitalis
1684 818 1906 878 habere

364 907 653 980 materies,
702 906 895 967 varios
940 925 1202 967 conexus
1245 908 1514 986 pondera
1556 908 1758 984 plagas

362 1014 681 1058 concursus
724 1006 939 1071 motuS,
988 1015 1094 1073 per
1137 984 1288 1074 c'luos
1332 1015 1425 1056 res
1470 1015 1741 1072 quaeque
1771 1004 2087 1073 geruntur.

360 1262 504 1323 parte
540 1256 616 1304 ch’
639 1254 667 1305 ὲ
712 1271 879 1304 mossa
925 1253 1029 1320 (De
1064 1252 1255 1317 anima,

361 1328 402 1386 1,
440 1339 490 1390 4,
536 1324 639 1391 19).
689 1329 735 1377 E
770 1342 924 1376 aveva
972 1343 1069 1391 pur
1118 1326 1257 1377 detto

359 1396 538 1463 (Phys.
565 1397 653 1456 VI,
681 1411 759 1461 10,
787 1396 864 1461 1):
891 1417 915 1441 ι
941 1399 994 1446 in
1015 1414 1084 1446 un
1103 1411 1257 1463 corpo

359 1470 454 1518 che
501 1470 544 1517 si
594 1484 790 1528 mnove,
842 1469 1078 1518 ciascuna
1123 1468 1257 1519 delle

360 1539 493 1605 parti
548 1539 611 1587 ha
668 1555 740 1588 un
801 1540 1109 1589 movimento
1162 1554 1256 1590 suo

360 1610 574 1669 diver50,
613 1626 642 1660 e
693 1610 804 1659 solo
841 1609 945 1659 cosi
994 1626 1065 1663 un
1101 1625 1256 1676 corpo

359 1682 403 1730 si
463 1696 694 1742 muove3·
744 1681 950 1746 dunque
1011 1681 1043 1729 1’
1068 1689 1254 1741 atomo,

359 1751 454 1802 che
479 1767 585 1800 non
619 1751 684 1801 ha
707 1752 852 1818 parti,
880 1766 982 1800 non
1010 1752 1257 1817 potrebbe

361 1822 611 1871 muoversi
660 1841 704 1871 ι.
758 1823 980 1887 Epicuro
1028 1823 1251 1887 rispose:

361 1893 392 1941 l’
414 1902 585 1943 atomo
620 1894 686 1942 ha
722 1893 867 1958 parti,
907 1909 991 1941 ma
1036 1909 1141 1942 non
1178 1894 1253 1943 di-

360 1964 584 2022 visibi1i;
638 1964 815 2029 quindi
851 1964 1011 2014 anche
1047 1965 1256 2015 l’atomo

360 2035 404 2084 si
452 2031 555 2101 puo
603 2050 857 2085 muovere.
910 2036 989 2085 Ed
1038 2050 1127 2084 ora
1165 2037 1254 2100 qui

357 2106 471 2156 dice
508 2106 782 2157 Lucrezio:
834 2122 889 2156 se
934 2106 967 2155 1’
989 2113 1161 2156 atomo
1209 2105 1252 2156 si

359 2177 609 2227 dividesse
644 2178 779 2227 nelle
815 2192 905 2226 sue
940 2185 1119 2242 partes
1157 2179 1251 2226 mi-

357 2249 541 2305 nimae,
599 2255 775 2313 queste
831 2249 923 2298 che
982 2249 1251 2298 sarebbero

359 2334 507 2368 senza
576 2319 722 2384 parti,
785 2334 888 2368 non
947 2320 1250 2384 potrebbero

358 2390 627 2440 muoversi.
655 2390 700 2439 11
725 2391 1125 2453 ragionamentO,
1147 2389 1250 2439 cosi

358 2461 485 2510 com'
502 2457 529 2508 ὲ
550 2462 604 2510 in
629 2460 886 2521 Lucrezi0,
913 2476 1017 2510 non
1043 2461 1084 2509 si
1109 2476 1244 2509 com-

358 2532 565 2596 prende.
603 2532 667 2581 V.
693 2533 842 2582 Stud.
869 2534 1000 2590 crit„
1029 2548 1078 2596 p.
1108 2531 1248 2595 56·7.

430 2600 548 2651 628.
587 2610 807 2651 cuncta.-
843 2602 882 2650 il
918 2618 1023 2651 non
1061 2601 1246 2667 adope-

357 2689 465 2722 rare
501 2674 551 2722 13
598 2673 774 2737 parola
820 2681 1035 2732 atomus,
1072 2673 1147 2736 gli
1183 2674 1249 2722 ha

355 2743 484 2792 fatto
540 2745 725 2793 evitare
777 2743 810 2791 l'
831 2743 1039 2793 assurdo
1088 2760 1250 2793 enun-

356 2815 488 2863 ciato
529 2814 649 2863 dell'
662 2827 832 2864 atomo
882 2814 975 2877 (=
1022 2814 1248 2864 indivisi·

353 2883 482 2948 bile)
517 2886 763 2935 divisibile
800 2883 1048 2950 (resolvi).

428 2955 547 3019 630.
578 2958 782 3004 eadem.-
817 2962 1029 3007 natura.
1057 2982 1122 2992 -
1159 2973 1248 3005 va-

356 3027 522 3076 leret:
561 3047 586 3071 e
630 3027 850 3076 avrebbe
885 3025 935 3075 13
973 3027 1108 3077 forza
1147 3047 1193 3077 ι.

425 3096 546 3160 631.
573 3099 815 3161 partibus
850 3105 1002 3146 aucta
1021 3115 1038 3146 .·
1080 3118 1103 3142 ι
1145 3098 1246 3147 for-

353 3167 460 3218 nite
505 3168 557 3217 di
606 3169 736 3232 parti
785 3187 829 3219 2.
882 3169 925 3218 11
971 3169 1158 3226 Munro
1194 3169 1246 3232 (e

354 3237 549 3304 Giuss)
574 3239 672 3288 cita
698 3239 910 3304 esempii
934 3238 999 3287 da
1024 3238 1246 3289 Catullo,

353 3309 416 3359 V.
454 3310 612 3359 Lucr.
652 3309 714 3369 V,
759 3321 889 3372 1417
941 3330 965 3354 α
1009 3312 1243 3361 cubilia...

337 3380 623 3443 frondibus
677 3390 830 3431 aucta
880 3398 941 3441 ις
999 3383 1091 3439 111,
1143 3380 1246 3445 630

355 3469 380 3494 «r
422 3452 675 3501 animas...
719 3453 946 3500 sensibus
987 3459 1166 3501 auctas
1219 3471 1241 3494 ι

352 3519 520 3585 (come
569 3523 623 3571 in
671 3522 769 3582 111,
806 3523 968 3586 626);
1012 3522 1101 3581 VI,
1142 3521 1244 3585 748

359 3610 381 3635 ο
429 3601 670 3643 montes...
715 3592 961 3659 fontibus
1005 3596 1148 3642 aucti
1200 3612 1242 3643 ι.

325 3705 328 3708 .
351 3662 397 3710 11
423 3663 718 3714 Lachmann
744 3665 1000 3729 seguendo
1027 3664 1064 3714 il
1090 3664 1241 3714 Lam-

1364 1256 1503 1316 bino,
1547 1262 1687 1307 muta
1722 1256 1883 1306 nullis
1918 1256 2162 1321 partibus
2200 1258 2258 1306 in

1365 1328 1557 1386 multis,
1597 1323 1782 1393 perche
1818 1328 1964 1377 crede
2011 1344 2041 1375 a
2077 1338 2261 1392 questo

1364 1414 1410 1448 v.
1441 1397 1634 1448 riferito
1659 1398 1698 1447 il
1734 1414 1884 1465 passo
1919 1400 1984 1460 11,
2011 1396 2133 1461 489.
2171 1399 2259 1447 Ma

1364 1477 1548 1534 questo
1585 1466 1689 1535 puo
1725 1469 1934 1519 riferirsi
1968 1469 2020 1517 al
2054 1485 2101 1519 v.
2136 1470 2255 1520 626.

1363 1540 1408 1588 E
1443 1540 1527 1589 col
1562 1540 1737 1589 multis
1783 1541 1908 1590 cade
1956 1546 2085 1590 tutto
2122 1540 2154 1586 1’
2178 1556 2256 1588 ar-

1363 1618 1607 1675 gomento
1632 1611 1721 1677 qui
1747 1619 1948 1677 esposto
1973 1609 2043 1676 (v.
2063 1609 2256 1676 sopra).

1434 1682 1554 1745 632.
1588 1699 1693 1731 non
1722 1689 1948 1745 possunt
1969 1697 2105 1732 ecc.:
2145 1681 2255 1732 cioe

1363 1768 1470 1801 non
1511 1760 1738 1817 possunt
1781 1754 1960 1803 ka'bcre
2014 1769 2070 1801 ea
2126 1769 2258 1816 quae

1363 1824 1504 1873 debet
1536 1823 1715 1872 habere
1750 1838 1855 1875 ecc.

1435 1895 1554 1955 634.
1585 1902 1685 1957 per
1722 1910 1882 1957 quos:
1918 1895 1936 1942 i
1973 1894 2137 1944 codici
2155 1902 2256 1958 per

1363 1981 1531 2028 quas,·
1557 1964 1630 2029 gli
1655 1964 1835 2013 editori
1856 1964 2087 2013 moderni
2111 1965 2254 2029 quasi

1363 2035 1481 2084 tutti
1511 2043 1610 2099 per
1648 2049 1791 2096 quae,
1817 2034 1948 2083 sulla
1982 2042 2146 2085 scorta
2169 2035 2255 2086 del

1357 2105 1595 2155 Marullo.
1621 2089 1666 2157 E
1693 2102 1779 2173 piu
1797 2106 1964 2155 vicino
1981 2113 2081 2170 per
2105 2121 2248 2171 quos,

1358 2194 1387 2228 e
1434 2177 1505 2225 mi
1553 2194 1644 2242 par
1691 2180 1785 2228 che
1833 2178 1915 2226 dia
1963 2193 2112 2228 senso
2161 2174 2251 2242 piu

1356 2248 1544 2309 adatto,
1594 2248 1926 2313 significando
1974 2247 2061 2298 nel
2111 2255 2251 2298 moto

1357 2319 1389 2367 l’
1411 2320 1527 2368 idea
1573 2319 1872 2370 riassuntiva
1919 2319 1972 2368 di
2021 2327 2150 2369 tutte
2201 2319 2252 2369 le

1356 2405 1473 2439 cose
1512 2390 1714 2440 innanzi
1750 2390 1906 2439 dette.

1427 2461 1674 2525 635·644.
1720 2461 1895 2524 Quelli
1940 2461 2034 2512 che
2070 2477 2250 2527 posero

1354 2531 1395 2579 il
1432 2532 1585 2581 fuoco
1632 2547 1777 2582 come
1825 2531 2077 2597 principio
2113 2531 2249 2582 delle

1356 2617 1487 2661 cose,
1527 2602 1784 2651 andarono
1819 2602 1963 2665 lungi
1991 2603 2073 2650 dal
2113 2618 2247 2652 vex-0.

1355 2673 1434 2721 Fu
1483 2673 1534 2721 di
1585 2674 1682 2724 essi
1726 2674 1856 2723 duce
1911 2673 2144 2731 Eraclito,
2195 2672 2248 2721 di

1357 2744 1440 2793 cui
1502 2745 1593 2810 qui
1652 2744 1895 2794 Lucrezio
1955 2751 2098 2792 tocca
2149 2758 2248 2793 con

1356 2815 1531 2880 parole
1583 2815 1878 2864 irriverenti.
1926 2812 2249 2864 Certamente

1356 2886 1405 2933 la
1442 2887 1663 2951 speciale
1699 2884 1988 2945 acrimonia,
2028 2886 2120 2936 che
2159 2886 2248 2950 qui

1354 2957 1599 3006 Lucrezio
1625 2956 1780 3007 rivela
1804 2964 1977 3005 contro
2006 2956 2245 3014 Eraclito‚

1354 3034 1496 3076 trova
1530 3028 1851 3093 spiegazione
1876 3026 1960 3076 nel
1997 3027 2138 3089 fatto,
2163 3028 2247 3076 cui

1354 3114 1490 3163 pone
1508 3107 1677 3148 mente
1700 3099 1740 3147 il
1764 3099 1965 3156 Munr0,
1990 3099 2084 3147 che
2112 3097 2247 3148 della

1353 3169 1526 3218 scuola
1597 3169 1835 3219 eraclitea
1891 3169 1934 3218 si
1994 3176 2247 3234 potevano

1353 3240 1461 3288 dire
1498 3241 1552 3288 in
1594 3247 1731 3290 certo
1779 3240 1930 3289 modo
1980 3240 2246 3294 continua·

1355 3311 1449 3364 tori
1499 3311 1572 3374 gli
1618 3311 1777 3369 stoici,
1815 3310 1833 3359 i
1880 3306 1968 3375 piu
2016 3309 2123 3360 fieri
2161 3326 2242 3359 av-

1352 3382 1556 3430 versarii
1581 3381 1719 3445 degli
1757 3382 2012 3447 Epicurei.
2049 3381 2244 3430 Brevis-

1352 3452 1468 3500 simi
1521 3453 1672 3504 cenni
1726 3466 1874 3517 sopra
1927 3452 2147 3502 Eraclito
2201 3451 2245 3500 si

1351 3538 1479 3572 sono
1497 3523 1600 3573 dati
1620 3523 1755 3573 nella
1772 3523 2016 3573 introduz.
2040 3519 2114 3587 (p.
2140 3519 2243 3585 10).

1350 3593 1401 3641 N
1404 3594 1452 3642 el
1473 3602 1646 3643 nostro
1664 3610 1812 3659 passo
1832 3593 2075 3643 Lucrezio
2094 3608 2244 3658 pren-

1350 3665 1415 3714 de
1453 3665 1595 3715 buon
1631 3666 1816 3731 giuoco
1853 3664 1988 3714 della
2025 3660 2246 3714 oscurita
