2917 4275
1119 326 1521 373 PREFAszE.
2195 329 2287 373 VH

585 497 598 513 .
647 470 793 512 vera
836 453 969 511 viai
1009 449 1028 531 ]
1075 470 1180 511 ver
1225 453 1375 512 aula
1420 453 1503 517 Ο.

582 605 596 619 .
648 560 823 618 inani
861 555 880 637 ]
927 560 1104 618 inane
1149 559 1284 635 OQ.

586 708 601 725 .
643 667 869 744 raptim
913 662 931 744 ]
977 667 1176 744 raptis
1222 664 1359 741 OQ.

452 773 598 848 665.

449 880 597 937 666.

450 986 600 1044 680.

451 1092 601 1151 681.

453 1198 598 1271 708.

450 1319 599 1377 720.

451 1426 598 1484 721.

454 1534 604 1592 724·

454 1635 600 1697 74'4·

455 1745 603 1805 ⁷55·

455 1837 603 1910 784.

454 1946 601 2018 785.

451 2049 598 2125 830.

452 2160 604 2229 841.

452 2263 602 2340 853.

455 2371 604 2431 866.

456 2477 603 2552 874.

456 2584 603 2644 886.

456 2708 602 2766 914.

457 2800 603 2872 996·

648 773 779 829 ulla
806 768 843 850 “]
892 772 1014 830 mia
1068 770 1207 847 OQ.

645 885 835 936 caetus
880 874 898 956 ]
951 879 1037 936 sic
1080 877 1218 953 ΟΩ.

650 985 933 1043 discedere
977 985 1053 1043 ab
1096 986 1230 1059 igne
1274 982 1292 1063 J
1339 985 1670 1044 descendere
1717 985 1880 1045 abire
1924 985 2067 1063 OQ.

650 1091 778 1149 alia
823 1087 841 1169 ]
891 1092 1014 1150 alio
1059 1090 1198 1167 ΟΩ.

643 1204 947 1275 putarunt
984 1195 1004 1277 ]
1043 1205 1271 1275 putant
1312 1197 1386 1271 Ο,
1425 1204 1729 1277 putantur
1783 1199 1861 1275 Ω.

648 1304 823 1361 undis
867 1300 887 1382 ]
935 1305 1019 1361 sic
1072 1303 1206 1378 OQ.

645 1410 868 1469 Italiae
911 1408 930 1491 ]
979 1410 1236 1469 Haeliae
1281 1411 1340 1487 Ω
1386 1408 1471 1488 (O
1515 1429 1666 1472 corr.
1715 1410 2061 1491 Haeoliae).

648 1524 888 1596 eruptos
930 1514 950 1596 ]
998 1517 1083 1576 sic
1127 1516 1263 1592 OQ.

649 1639 846 1682 rorem
890 1620 1132 1702 ]‘solem
1177 1622 1314 1698 OQ.

650 1730 826 1805 utqui
865 1726 883 1808 ]
930 1731 1014 1787 sic
1058 1727 1194 1805 OQ.

650 1837 841 1911 ignem
884 1833 903 1916 ]
950 1838 1035 1894 sic
1080 1834 1218 1910 OQ.

651 1944 783 2020 zjgni
822 1940 840 2021 ]
887 1944 971 2001 sic
1015 1941 1152 2018 OQ.

644 2055 703 2108 et
741 2047 759 2128 ]
808 2050 891 2108 sic
936 2048 1055 2125 OQ
1099 2045 1198 2126 (ut
1239 2047 1545 2130 Lachm.).

649 2175 726 2215 ex
768 2158 926 2231 ignis
972 2153 990 2235 ]
1038 2158 1122 2216 sic
1168 2156 1310 2232 OQ.

647 2282 730 2324 an
773 2283 907 2323 ossa
956 2261 975 2342 ]
1025 2283 1106 2323 an
1149 2282 1213 2323 os
1260 2263 1397 2339 OQ.

650 2372 921 2446 sanieque
969 2367 987 2449 ]
1039 2370 1124 2430 sic
1168 2370 1305 2446 ΟΩ.

632 2478 929 2535 oriuntur
973 2473 991 2555 ]
1041 2479 1126 2535 sic
1171 2477 1306 2554 OQ.

650 2584 857 2641 salices
906 2578 924 2662 ]
971 2583 1173 2642 latices
1218 2582 1355 2658 OQ.
1420 2656 1423 2659 ¹

652 2695 922 2747 notamus
965 2685 984 2768 ]
1033 2696 1292 2747 notemus
1339 2686 1477 2763 OQ.

651 2796 1000 2872 infernaque
1045 2793 1063 2875 ]
1111 2796 1196 2854 sic
1228 2794 1379 2871 ὈΩ.

462 2921 649 2975 1041.
697 2903 829 2960 viai
866 2900 886 2981 ]
933 2903 1036 2961 via
1080 2901 1217 2978 OQ.

463 3011 650 3086 1058.
698 3012 820 3068 sint
859 3007 879 3089 ]
927 3018 1070 3069 sunt
1111 3009 1250 3085 OQ.

460 3118 646 3176 1082.
695 3119 882 3176 victae
926 3113 945 3195 ]
993 3118 1078 3175 sic
1121 3116 1238 3192 OQ
1283 3111 1534 3193 (vinctae
1580 3117 1859 3193 BernayS‚
1906 3112 2196 3195 Brieger).

462 3241 487 3280 1
506 3240 648 3300 105.
700 3223 1016 3282 tonitralia
1060 3220 1079 3302 ]
1127 3222 1445 3282 tonetralia
1492 3220 1630 3296 OQ.

332 3401 338 3407 Ι
461 3348 487 3387 1
506 3331 647 3390 106.
684 3332 870 3388 omnis
899 3326 918 3408 ]
951 3331 1033 3387 sic
1063 3328 1181 3404 OQ
1212 3324 1436 3406 (omnia
1466 3313 1735 3403 Lasschm„
1768 3345 1931 3386 omne
1965 3326 2286 3407 Bernays).

463 3456 487 3493 1
509 3455 533 3494 1
552 3454 651 3508 14.
697 3437 779 3494 sic
821 3432 840 3515 ]
888 3437 972 3493 sic
1015 3434 1151 3512 OQ.
1202 3466 1291 3478 -—
1326 3436 1654 3513 perductus
1696 3430 1715 3513 ]
1764 3435 1847 3492 sic
1893 3434 2029 3510 OQ.

453 3542 543 3600 La
585 3541 1042 3621 punteggiatura
1085 3543 1120 3601 ὲ
1165 3539 1400 3602 diversa
1451 3540 1533 3599 da
1592 3541 1792 3617 quella
1851 3540 2117 3602 adottata
2178 3539 2295 3598 dal,

355 3643 602 3724 Brieger
645 3647 709 3708 in
763 3652 991 3726 162·3;
1044 3651 1281 3727 326-73
1328 3661 1573 3724 433·5;
1624 3647 1773 3723 872.
1820 3677 1910 3691 —
1957 3648 2100 3708 Non
2158 3664 2294 3706 am-
