2917 4275
696 362 778 424 54
902 353 937 420 ἰ

691 487 1048 568 principium
1097 487 1264 549 cuius
1310 488 1452 551 hinc
1497 487 1674 551 nobis
1720 487 1962 549 exordia
2008 498 2219 560 sumet,

692 580 918 639 nullam
963 597 1090 638 rem
1138 598 1172 639 e
1216 577 1342 650 nilo
1388 578 1551 657 gigni
1595 577 1875 638 divinitus
1921 596 2223 655 umquam.

694 666 919 746 quippe
966 667 1049 727 ita
1094 666 1350 728 formido
1394 667 1660 729 mortalis
1706 666 1974 728 continet
2019 666 2230 738 omniS,

693 758 856 833 quod
902 760 1091 818 multa
1134 756 1198 816 in
1244 755 1414 817 terris
1458 758 1584 817 fieri
1603 758 1897 834 ‚caeloque
1943 765 2201 829 tuentur,

694 865 947 922 quorum
994 865 1247 924 operum
1294 865 1500 907 causas
1543 848 1709 907 nulla
1751 845 1982 906 ratione
2028 843 2230 904 videre

1354 362 1417 406 T.
1464 361 1729 406 LUCRETI
1775 360 1942 405 CARO
1999 352 2003 356 ’

2861 0 2880 130 1

2869 193 2881 352 1

693 944 942 1014 possunt
985 955 1056 996 ac
1106 935 1233 995 fieri
1278 934 1483 995 divino
1530 935 1773 996 numine
1819 945 2040 995 rentur.

694 1043 842 1107 quas
887 1025 968 1084 ob
1015 1043 1109 1084 res
1153 1023 1258 1084 ubi
1303 1022 1626 1085 viderimus
1669 1024 1754 1085 nil
1798 1043 1973 1102 posse
2020 1021 2207 1084 creari

2482 1026 2601 1099 156

693 1115 772 1173 de
821 1111 964 1186 nilo,
1013 1123 1143 1173 tum
1190 1114 1355 1191 quod
1401 1113 1703 1190 sequimur
1747 1112 1864 1173 iam
1909 1112 2127 1173 rectius
2171 1110 2312 1171 inde

693 1200 1136 1283 pei-spiciemuS,
1189 1211 1250 1262 et
1293 1203 1455 1263 unde
1502 1215 1682 1279 queat
1725 1221 1818 1263 res
1863 1220 2138 1279 quaeque
2185 1198 2369 1261 creari

666 1301 762 1358 ‚et
805 1311 929 1368 quo
974 1310 1249 1369 quaeque
1293 1292 1477 1352 modo
1523 1293 1669 1353 fiant
1711 1310 1894 1369 opera
1938 1290 2067 1351 sine
2112 1288 2336 1355 divom.

694 1504 894 1553 scienza
935 1521 980 1552 ι.
1021 1529 1088 1538 —-
1126 1503 1152 1551 I
1191 1504 1321 1553 versi
1371 1502 1599 1568 145·148

696 1573 740 1624 si
778 1583 989 1625 trovano
1031 1575 1424 1639 integralmente
1466 1576 1600 1640 ripe-

695 1646 790 1695 ‘tuti
847 1646 934 1695 nel
989 1662 1180 1711 poema
1241 1647 1294 1695 di
1354 1648 1600 1711 Lucrezio

699 1717 825 1766 altre
861 1725 937 1766 tre
973 1717 1138 1779 volte3
1188 1732 1216 1765 e
1252 1712 1368 1766 cioe
1405 1718 1471 1777 11,
1517 1716 1602 1780 58-

695 1787 794 1849 6ος
822 1787 917 1845 ΙΙΙ,
938 1800 1128 1851 91-93;
1156 1788 1245 1847 VI,
1276 1800 1454 1861 39—41.
1479 1790 1603 1839 Non

611 1873 615 1878 '
697 1858 726 1909 ὲ
763 1859 829 1908 da
868 1859 1011 1909 farne
1051 1859 1364 1925 meraviglia.
1398 1863 1443 1911 E
1482 1876 1602 1909 caso

697 1931 959 1995 frequente
990 1931 1046 1980 in
1074 1932 1334 1995 Lucrezi0,
1364 1932 1429 1981 ed
1458 1929 1486 1981 ὲ
1512 1948 1602 1982 vo·

695 2002 805 2051 luto
843 2002 930 2051 dal
966 2011 1121 2067 poeta
1158 2010 1332 2062 steSSO,
1373 2017 1524 2052 come
1561 2004 1603 2053 si

634 2132 638 2134 Δ
694 2070 799 2139 Ριιὸ
837 2081 1192 2139 argomentare
1229 2073 1316 2122 dal
1344 2074 1472 2125 fatto
1510 2074 1606 2124 che

698 2146 862 2196 anche
887 2145 974 2194 nel
999 2161 1092 2195 suo
1117 2146 1346 2196 modello
1377 2147 1601 2211 poetico,

697 2231 742 2278 e,
799 2217 854 2265 in
902 2224 1061 2281 parte,
1115 2216 1363 2267 filosofico
1413 2220 1602 2283 Empe·

698 2288 861 2346 docle,
903 2288 993 2337 tali
1029 2288 1318 2353 ripetizioni
1352 2305 1482 2340 sono
1508 2290 1606 2338 fre-

701 2360 895 2424 quenti.

763 2443 877 2494 149.
893 2428 938 2479 11
950 2430 1206 2496 principio
1221 2430 1607 2481 fondamentale

697 2502 750 2550 di
781 2509 908 2552 tutta
938 2501 988 2550 la
1011 2502 1233 2552 dottrina
1256 2503 1494 2568 epicurea
1521 2501 1548 2552 ὲ
1569 2502 1609 2552 il

700 2572 840 2622 nihil
869 2588 933 2621 ex
970 2573 1148 2622 nihilo.
1175 2574 1365 2624 Niente
1392 2589 1547 2624 nasce
1578 2590 1607 2623 e

698 2645 874 2695 niente
910 2645 1122 2709 perisce.
1165 2647 1211 2695 E
1247 2643 1355 2695 cosi
1391 2648 1517 2710 pure
1553 2646 1607 2694 in

705 2715 820 2766 altri
857 2715 1084 2770 sistemi:
1124 2718 1190 2765 ad
1226 2732 1295 2766 es,
1347 2716 1606 2781 Empedo-

699 2785 806 2836 cle:
851 2782 1009 2850 φύσις
1045 2782 1262 2841 οὐδενός
1289 2783 1425 2837 ἔστιν
1449 2783 1608 2837 ἅπάν·

702 2872 808 2906 των
851 2853 1087 2922 Θνητῶν,
1127 2854 1253 2908 οὐδέ
1282 2875 1356 2913 τις
1393 2853 1606 2923 οὐλομέ-

699 2944 795 2978 νου
861 2924 1117 2979 Θανάτοιο
1173 2924 1379 2994 τελευτή
1436 2928 1518 2993 (fr.
1577 2928 1608 2978 8

701 2998 932 3062 Diels).
971 3002 1018 3050 E
1054 3018 1179 3067 pure
1215 3001 1510 3067 Epicarmo,
1557 3001 1610 3050 di

703 3071 798 3120 che
825 3072 940 3122 vedi
976 3073 1032 3121 in
1071 3077 1231 3122 Atene
1255 3089 1288 3121 a
1313 3073 1489 3130 Roma,
1514 3072 1607 3131 III,

704 3158 755 3191 n.
779 3154 861 3202 21,
890 3161 940 3209 p.
971 3142 1089 3193 280.
1109 3143 1181 3193 Di
1201 3144 1426 3209 Epicuro
1447 3150 1610 3194 stesso

703 3214 970 3264 abbiamo:
1008 3213 1106 3280 (pr.
1144 3215 1305 3280 Diog.
1345 3218 1514 3266 Laert.
1545 3217 1609 3278 X,

703 3283 831 3347 28):
888 3280 1043 3335 οὐδὲν
1077 3283 1266 3352 γίνεται
1303 3281 1366 3335 ἐκ
1403 3288 1498 3335 τοῦ
1533 3281 1609 3350 μὴ

703 3353 853 3412 ὄντος
872 3369 884 3384 ·
922 3359 1028 3407 πᾶν
1063 3353 1162 3423 γὰρ
1199 3354 1262 3407 ἔκ
1294 3351 1486 3412 παντὸς
1511 3352 1613 3422 ἐγί-

703 3444 832 3487 νετο,
887 3424 952 3478 ἂν
999 3426 1294 3493 σπέρματος
1341 3444 1398 3494 γε
1445 3422 1609 3478 οὐθὲν

700 3497 1104 3565 προσδεόμενον.
1135 3501 1180 3549 Il
1203 3503 1308 3550 πᾶν
1334 3497 1395 3550 ἔκ
1421 3496 1613 3553 παντός

701 3565 892 3635 ἐγίνετο
942 3572 1091 3622 viene
1143 3572 1459 3637 largamente
1511 3571 1612 3621 svi-

704 3642 919 3708 luppato
947 3643 1001 3692 in
1021 3644 1220 3709 seguito
1248 3644 1314 3693 da
1349 3643 1611 3701 Lucrezio‚

705 3713 802 3765 che
838 3722 1029 3766 mostra
1057 3730 1205 3766 come
1230 3715 1471 3767 ciascuna
1492 3730 1615 3765 cosa

660 4220 725 4267 ‘'a-‚iu
750 4254 751 4259 ,

2480 1304 2597 1366 155

1708 1504 1860 1554 abbia
1896 1502 2221 1553 determinati
2259 1502 2404 1551 semi.
2434 1527 2493 1535 -—-
2524 1517 2608 1550 cu-

1706 1577 1810 1625 ius:
1853 1572 1881 1624 ὲ
1921 1574 2278 1634 monosillabO,
2337 1588 2485 1623 come
2542 1574 2610 1621 ha

1710 1652 1953 1697 mostrato
1986 1647 2023 1695 il
2050 1645 2352 1694 Lachmann
2376 1642 2433 1708 (a
2458 1661 2506 1708 q.
2534 1641 2610 1708 1.).

1713 1744 1775 1754 -
1820 1716 1989 1766 nobis:
2044 1716 2190 1782 quasi
2248 1735 2272 1759 c
2315 1732 2406 1781 per
2455 1731 2611 1781 opera

1709 1797 1882 1839 nostra
1923 1806 1947 1830 ι
1989 1805 2018 1838 0
2056 1785 2200 1837 eioe:
2250 1806 2273 1829 α
2314 1788 2404 1836 noi
2437 1803 2609 1851 porre-

1708 1878 1795 1911 mo
1835 1860 1873 1909 il
1911 1859 2168 1925 principio
2209 1873 2307 1908 con
2345 1865 2526 1923 questo
2559 1874 2612 1907 e·

1710 1932 1883 1982 sordio
1924 1948 1970 1980 ι.

1790 2011 1902 2067 151.
1953 2001 2173 2066 quippe:
2212 2001 2609 2051 confermativo:

1715 2094 1741 2134 ς
1770 2080 2079 2123 certamente
2111 2091 2156 2120 υ.
2195 2074 2250 2123 Si
2271 2080 2413 2123 trova
2438 2072 2607 2121 infatti

1712 2146 1874 2196 anche
1912 2147 2057 2195 unito
2083 2160 2182 2194 con
2208 2144 2386 2194 etenim
2405 2161 2428 2202 ,·
2452 2144 2539 2194 cfr.
2568 2143 2608 2202 Ι,

1717 2231 1832 2278 104.
1872 2242 1939 2251 —
1977 2216 2088 2264 ita:
2138 2216 2225 2281 qui
2275 2232 2364 2281 per
2418 2216 2524 2264 ideo
2579 2230 2612 2264 o

1711 2290 1924 2338 idcirco:
1950 2305 1973 2330 α
1997 2295 2223 2353 appunto
2250 2303 2341 2352 pet
2364 2295 2541 2352 questo
2566 2304 2611 2335 ι.

1711 2385 1779 2396 -
1831 2360 2060 2408 continet
2078 2371 2096 2407 .·
2156 2378 2181 2402 ε
2225 2358 2476 2424 possiede,
2533 2359 2612 2407 in-

1712 2432 1842 2482 vade
1884 2448 1927 2480 ι.

1791 2512 1905 2566 152.
1934 2502 2095 2550 multa
2114 2517 2132 2548 .·
2156 2501 2211 2550 in
2236 2501 2490 2551 relazione
2514 2516 2615 2550 con

1712 2589 1935 2639 quorum
1977 2580 2185 2636 operum
2223 2572 2307 2622 del
2343 2588 2489 2622 verso
2536 2588 2615 2622 se·

1714 2652 1931 2710 guente:
1975 2645 2090 2694 vale
2128 2645 2335 2708 dunque
2370 2645 2538 2691 multa
2560 2659 2614 2691 o-

1705 2724 1839 2780 pera
1875 2731 2109 2780 quorum.
2165 2715 2357 2779 Opera⁸
2387 2715 2475 2780 qui
2523 2731 2616 2780 per

1718 2807 1742 2832 c
1769 2787 2032 2838 fenomeni
2055 2805 2100 2836 ι.

1792 2867 1963 2921 153-4.
2002 2859 2058 2909 Si
2095 2866 2308 2908 trovano
2344 2856 2616 2922 riprodotti

1716 2931 1772 2980 in
1807 2930 1899 2991 VI,
1927 2942 2068 2990 90-1.
2107 2932 2268 2979 Tutto·
2302 2928 2340 2977 il
2378 2928 2618 2993 pensiero

1717 3001 1800 3051 dei
1849 3000 1982 3051 versi
2025 3009 2247 3065 151-155
2292 3000 2336 3049 si
2372 3007 2516 3050 trova
2551 3001 2622 3050 ri-

1716 3072 1969 3138 prodott0,
2011 3086 2112 3122 con
2136 3070 2311 3137 parole
2349 3071 2510 3121 molto
2549 3071 2617 3120 si-

1717 3144 1829 3193 mili
1868 3159 1898 3192 a
1934 3144 2103 3210 quelle
2139 3143 2230 3208 qui
2262 3144 2520 3209 adoprate,
2564 3143 2620 3192 in

1717 3215 1807 3273 VI,
1848 3219 1972 3279 50-‘5
1982 3225 2029 3277 5.

1796 3295 1911 3350 157.
1971 3286 2112 3350 quod
2157 3285 2449 3349 sequimur:
2508 3302 2532 3327 c
2584 3282 2624 3333 il

1721 3357 1987 3423 proposito
2025 3365 2197 3408 nostro
2241 3374 2284 3406 ι.

1797 3427 1914 3493 158.
1950 3429 2084 3478 unde
2108 3435 2262 3492 queat
2280 3443 2363 3477 res
2396 3442 2623 3492 quaeque

1721 3500 1921 3549 creari.-
1957 3500 2047 3559 VI,
2075 3499 2143 3560 64
2169 3500 2300 3563 quid
2316 3505 2469 3564 queat
2497 3514 2615 3558 esse,

1721 3572 1849 3634 quid
1880 3577 2087 3636 nequat.
2126 3572 2187 3621 In
2222 3571 2264 3631 1,
2309 3571 2374 3635 56
2434 3590 2459 3614 c
2490 3571 2624 3619 unde

1720 3643 1886 3692 onmis
1920 3647 2116 3692 natura
2168 3650 2302 3691 creet
2346 3656 2429 3692 res
2471 3659 2512 3691 ι.
2558 3667 2622 3677 -

1721 3718 1794 3763 et.-
1832 3729 1923 3781 per
1957 3720 2019 3764 ut
2053 3714 2136 3765 dei
2173 3715 2341 3765 codici
2380 3712 2408 3764 ὲ
2444 3728 2623 3764 emen-
