2917 4275
926 315 1008 356 DE
1054 316 1268 359 RERUM
1314 317 1594 361 NATURA.
1665 321 1670 326 '

306 441 537 520 quippe
583 460 751 502 suam
797 441 1052 520 quicque
1096 442 1157 503 in
1204 455 1378 505 coetu
1422 444 1700 505 variantis
1744 443 1941 505 acervi

2096 319 2216 380 145

2096 462 2218 523 775

308 541 585 592 naturam
631 534 925 606 ostendet,
973 531 1311 610 mixtusque
1357 533 1658 594 videbitur
1701 542 1803 593 aer

308 639 449 681 cum
492 629 650 679 terra
692 618 869 680 simul
913 631 1093 700 atque
1138 623 1316 682 ardor
1362 642 1500 683 cum
1546 642 1679 683 rore
1725 643 1985 684 manere.

308 719 371 768 at
415 707 742 787 primordia
785 708 1104 788 gignundis
1147 709 1211 769 in
1255 713 1432 771 rebus
1481 721 1719 788 oportet

304 807 579 857 naturam
626 798 1057 859 clandestinam
1105 819 1463 878 caecamque
1507 800 1812 870 adhibere,

306 885 569 946 emineat
613 907 690 947 ne
736 887 903 964 quid,
953 889 1123 964 quod
1165 899 1373 949 contra
1416 899 1645 966 pugnet
1689 899 1768 951 et·
1802 891 2000 950 obstet
2095 893 2217 964 780

310 991 437 1052 quo
481 973 680 1035 minus
727 995 855 1036 esse
900 987 1083 1053 queat
1126 977 1364 1055 proprie
1410 979 1835 1054 quodcumque
1881 988 2132 1039 creatur.

394 1062 560 1139 Quin
608 1062 788 1124 etiam
833 1075 1113 1143 repetunt
1157 1085 1193 1125 a
1239 1069 1406 1128 caelo
1453 1077 1632 1144 atque
1677 1066 1916 1146 ignibus
1963 1068 2088 1127 eius

379 1307 633 1374 77'5-777.
674 1309 865 1373 quique
890 1310 947 1358 in
985 1316 1151 1358 coetu:
1176 1310 1214 1358 il

306 1381 531 1430 Marullo
569 1397 660 1446 per
693 1381 909 1444 quisque
945 1381 1211 1431 incoctum.

308 1451 413 1502 Del
448 1452 564 1502 cod.
600 1451 708 1500 fior.
749 1463 812 1514 31
856 1446 885 1498 ὲ
922 1451 1010 1500 nel
1032 1467 1079 1500 v,
1108 1467 1212 1515 seg.

304 1525 536 1572 ostendet
589 1538 681 1588 per
729 1522 982 1581 ostendit,‘
1044 1537 1072 1572 e
1126 1522 1212 1572 del

302 1595 564 1644 Lambino
586 1601 741 1657 atque
765 1594 928 1641 ardor
956 1609 1069 1643 cum
1094 1609 1213 1642 rore

305 1664 396 1714 nel
434 1675 536 1728 777
588 1680 681 1729 per
729 1672 779 1712 et
823 1665 1042 1728 quodam
1099 1681 1211 1713 cum

304 1751 441 1786 rore.

377 1805 630 1869 778-781.
671 1805 758 1855 Gli
795 1805 1037 1856 elementi
1064 1806 1117 1854 di
1142 1806 1211 1856 E·

304 1878 499 1943 picum,
538 1892 684 1927 come
722 1877 764 1926 si
794 1872 822 1925 ὲ
846 1873 936 1943 piii
963 1877 1098 1926 volte
1122 1892 1211 1925 no-

307 1955 427 2008 tat0,
468 1964 595 1998 sono
646 1945 822 2007 ἄποια,
881 1963 987 1996 non
1041 1948 1213 1997 hanno

304 2017 503 2085 qualit&⁴
526 2018 816 2085 specifiche.
838 2020 904 2070 Se
929 2018 1213 2068 balzasseYo

305 2090 440 2141 fuori
496 2091 583 2140 dal
640 2091 751 2141 loro
806 2104 961 2156 corpo
1018 2087 1212 2155 qualit&

304 2162 593 2229 specifiche,
638 2163 853 2212 essendo
890 2162 1212 2211 immutabile

304 2233 357 2281 la
394 2234 505 2282 loro
539 2240 739 2292 natura,
775 2234 825 2283 le
857 2231 1058 2298 singole
1096 2248 1213 2283 cose

306 2310 551 2368 generate
590 2304 860 2354 sarebbero
897 2320 969 2353 un
1004 2319 1213 2353 accozzo

304 2374 361 2423 di
397 2375 638 2424 elementi
676 2375 879 2434 diversi,
906 2376 1212 2440 unajuxta-

298 2446 508 2511 positio,
565 2444 703 2494 dalla
752 2446 903 2510 quale
958 2462 1064 2495 non
1118 2462 1211 2511 po-

308 2516 488 2565 trebbe
526 2515 758 2568 risultare
794 2534 895 2566 una
923 2516 1211 2566 individua-

306 2584 401 2636 lita
436 2587 661 2652 propria,
701 2603 797 2637 con
836 2588 1064 2636 caratteri
1095 2604 1209 2652 spe-

304 2655 440 2707 cifici
476 2656 604 2721 (esse
641 2665 798 2722 queat
823 2658 1076 2723 proprie).
1104 2659 1209 2707 Lu·-

302 2727 471 2777 crezio
521 2730 625 2793 qui,
677 2744 823 2778 come
878 2729 1037 2793 suole,
1088 2744 1209 2779 con-

302 2805 554 2864 trappone
616 2800 1019 2850 l’enunciazione
1074 2800 1212 2850 della

306 2886 400 2919 sua
418 2870 642 2919 dottrina
667 2888 697 2921 a
722 2871 896 2936 quella
916 2872 1208 2922 avversaria.

306 2939 493 3003 Qual’e
538 2949 719 3006 questa
768 2942 989 2991 dottrina
1038 2959 1210 2992 avver-

302 3012 467 3064 saria?
504 3010 613 3061 Che
644 3014 720 3063 sia
746 3013 917 3079 quella
942 3014 994 3062 di
1018 3013 1209 3078 Empe·-

302 3082 467 3142 docle,
521 3092 839 3134 consentono
887 3085 1210 3134 tacitamente

301 3154 451 3212 tutti3
490 3170 575 3203 ma
614 3170 720 3203 non
746 3162 889 3205 trovo
925 3156 1155 3219 spiegato
1181 3172 1210 3204 a

300 3224 425 3289 qual
470 3232 633 3290 punto
670 3226 808 3276 della
844 3242 936 3274 sua
974 3225 1131 3275 teoria
1166 3226 1210 3275 si

304 3294 529 3345 tifex-isca
566 3296 616 3345 la
652 3297 1009 3346 confutazione
1038 3296 1133 3346 che
1158 3296 1211 3345 fa

309 3364 555 3416 Lucrezio
591 3368 646 3416 in
684 3366 937 3430 770·781.
986 3367 1209 3417 Stimava

304 3436 515 3502 dunque
554 3439 871 3504 Empedocle
906 3438 1001 3487 che
1030 3438 1079 3487 le
1118 3454 1209 3488 sue

303 3515 509 3571 quattro
547 3511 759 3561 materie
807 3509 1105 3559 elementari
1141 3509 1207 3558 ri-

305 3575 579 3629 sultassero
591 3581 643 3628 di
658 3581 921 3648 particelle
936 3581 1162 3639 minime,
1179 3595 1208 3630 e

302 3647 401 3699 che
426 3649 443 3697 i
469 3652 609 3717 corpi
631 3652 746 3703 tutti
773 3652 966 3702 fossero
1003 3651 1207 3701 formati

1324 1325 1429 1358 non
1466 1309 1603 1358 dalla
1636 1310 1748 1359 loro
1781 1309 2110 1368 mescolanza‚
2139 1325 2224 1358 ma

1322 1381 1409 1429 dal
1433 1380 1544 1429 loro
1569 1387 1747 1429 mutuo
1773 1388 2025 1441 contatto;
2054 1376 2222 1429 sicche

1323 1451 1462 1500 nella
1519 1448 1714 1500 totalita
1764 1468 1792 1502 e
1846 1449 2224 1518 complessivita

1323 1539 1415 1572 sua
1450 1523 1490 1571 il
1527 1538 1684 1587 corpo
1719 1530 1920 1587 potesse
1958 1539 2103 1572 avere
2142 1538 2222 1571 ca-

1321 1601 1505 1643 rattere
1555 1593 1884 1651 individuale,
1944 1611 1972 1644 e
2027 1591 2223 1658 qualit&

1321 1665 1608 1730 specifiche‚
1638 1680 1719 1713 ma
1746 1665 1882 1715 nelle
1908 1665 2107 1728 singole
2131 1681 2223 1713 sue

1320 1736 1451 1801 parti
1489 1736 1745 1786 risultasse
1783 1737 1835 1785 di
1861 1735 2101 1786 elementi
2139 1731 2224 1800 gia

1320 1807 1667 1856 differenziati.
1706 1807 1811 1857 Cfr.
1838 1808 1953 1856 Aet.
1982 1809 2021 1871 Ι,
2057 1821 2134 1870 13,
2169 1821 2219 1866 ις

1327 1887 1404 1938 17,
1428 1891 1488 1940 3:
1530 1877 1727 1926 Galeno
1753 1878 1808 1926 in
1833 1879 1995 1942 Hzpp.
2025 1879 2084 1924 de
2113 1885 2221 1926 nat.

1319 1950 1367 1999 h.
1408 1948 1524 2006 XV.
1561 1962 1630 2009 49
1671 1949 1744 2009 K;
1787 1966 1831 1998 v.
1877 1948 2036 2006 Diels,
2079 1949 2221 1996 Poet.

1310 2019 1444 2084 phil.
1467 2018 1694 2083 fragm„
1734 2036 1783 2084 p.
1823 2032 1906 2082 90.
1957 2035 2099 2068 num.
2132 2030 2220 2081 43.

1319 2088 1512 2141 Contro
1537 2089 1633 2139 tale
1653 2091 1955 2141 concezione
1975 2089 2223 2139 Lucrezio

1319 2170 1610 2212 veramente
1647 2178 1752 2211 non
1791 2170 2004 2228 apporta
2038 2161 2222 2210 alcuna

1320 2234 1555 2297 ragione:
1597 2234 1744 2283 crede
1780 2234 1833 2282 di
1870 2232 2155 2283 confutarla
2192 2249 2220 2281 e

1318 2319 1424 2352 non
1462 2304 1513 2351 fa
1548 2304 1642 2353 che
1683 2304 1992 2355 enunciarla.

1392 2373 1640 2436 782-802.
1709 2374 2050 2424 Stabiliscono
2111 2376 2224 2423 anzi

1320 2462 1424 2494 una
1463 2454 1637 2496 eterna
1674 2447 1885 2496 vicenda
1923 2447 1975 2494 di
2016 2446 2221 2495 trasfor-

1319 2516 1550 2578 mazioni,
1591 2533 1682 2581 per
1707 2518 1861 2565 modo
1886 2517 1980 2566 che
2004 2517 2044 2564 il
2069 2517 2221 2565 fuoco

1317 2587 1511 2636 diventi
1547 2590 1666 2645 aria,
1708 2604 1736 2636 e
1774 2596 1952 2652 questa
1989 2603 2164 2652 acqua,
2193 2602 2222 2636 e

1319 2665 1498 2723 questa
1533 2664 1682 2717 terra,
1731 2675 1760 2708 e
1811 2659 1866 2707 di
1914 2673 2084 2707 nuovo
2133 2657 2223 2722 poi

1318 2730 1454 2779 dalla
1493 2736 1622 2778 terra
1659 2730 1702 2779 si
1741 2730 1893 2780 sormi
1938 2729 2155 2793 l'acqua
2191 2746 2218 2777 e

1316 2801 1405 2864 poi
1448 2800 1591 2849 l'aria
1628 2816 1657 2850 e
1696 2800 1784 2866 poi
1821 2801 1859 2850 il
1897 2800 2064 2848 fuoco,
2112 2798 2223 2847 Che

1318 2871 1408 2936 qui
1447 2870 1696 2919 Lucrezio
1734 2886 1839 2920 non
1877 2870 2007 2936 parli
2041 2865 2131 2935 piu
2168 2870 2222 2918 di

1316 2942 1650 3007 Empedocle,
1713 2949 2027 2991 consentono
2085 2941 2222 2989 tutti.

1316 3014 1399 3061 Ad
1420 3013 1644 3063 Eraclito
1668 3012 1806 3062 riseri
1834 3019 2014 3078 questa
2039 3011 2225 3061 confu-

1316 3084 1514 3133 tazione
1549 3083 1581 3131 1’
1606 3084 1880 3142 Hallier,
1919 3083 2078 3133 Lucr.
2107 3099 2225 3132 car·

1317 3156 1459 3204 mina
1499 3171 1527 3205 e
1565 3155 1775 3220 frag-m.
1826 3156 1982 3219 Emp.
2038 3154 2218 3204 adum-

1316 3227 1482 3284 brata,
1545 3242 1594 3291 p.
1655 3238 1750 3290 203
1805 3226 1910 3289 agli
1964 3224 2124 3275 Stoici
2182 3224 2221 3273 il

1315 3296 1449 3345 Kar
1467 3313 1490 3345 s
1506 3304 1624 3354 ten,
1650 3298 1806 3361 Emp.
1828 3297 1994 3361 reliq„
2015 3313 2066 3361 p.
2085 3308 2220 3356 41o;

1313 3367 1353 3415 il
1389 3367 1766 3426 Reisacker,
1825 3368 2028 3428 Quaest.
2067 3367 2219 3420 lucr„

1315 3455 1367 3502 p.
1411 3452 1499 3499 11;
1539 3439 1578 3487 il
1623 3439 1881 3488 Munro
1918 3456 1948 3487 a
1984 3454 2032 3502 q.
2072 3436 2135 3492 1.;
2182 3434 2220 3482 il

1318 3509 1656 3564 Giussani.
1706 3510 1875 3558 Prima
1911 3510 1964 3558 di
2014 3514 2220 3557 trattare

1308 3586 1498 3645 'questa
1534 3581 1804 3646 questione
1847 3579 2219 3629 confermiamo

1314 3650 1517 3700 intanto
1531 3652 1624 3702 che
1643 3652 1810 3717 questi
1823 3650 1952 3700 versi
1972 3665 2078 3699 non
2097 3654 2217 3697 trat-

1940 3786 2004 3822 10
