2917 4275
639 311 720 369 74
1297 311 1359 355 τ.
1407 310 1675 356 Lucan-rt
1724 310 1892 354 cano

635 455 918 514 usurpare
962 433 1164 509 oculiS‚
1212 454 1327 497 nec
1371 455 1549 497 voces
1593 455 1835 497 cernere
1883 453 2160 512 suemus;

636 544 789 602 quae
834 536 1036 585 tamen
1081 524 1283 585 omnia
1326 546 1610 605 corporea
1654 536 1925 587 constare
1969 535 2266 586 necessest

634 625 859 686 natm-a,
909 613 1191 692 quoniam
1237 633 1443 675 sensus
1488 615 1792 694 impellere
1839 625 2122 692 possunt:

635 712 877 781 tangere
922 702 1081 763 enim
1127 713 1189 764 et
1224 704 1403 782 tangi,
1450 703 1565 764 nisi
1611 723 1844 782 eorpuS,
1892 706 2058 764 nulla
2104 712 2299 782 potest
2340 723 2453 764 res,

637 793 899 869 denique
944 791 1270 870 fluctifrago
1315 812 1635 870 suspensae
1681 793 1744 853 in
1787 793 1959 854 litore
2003 803 2195 854 vestes

2412 809 2533 869 305

638 891 940 956 uvescunt‚
991 883 1239 943 eaedem
1285 884 1570 945 oendenti
1616 884 1741 944 sole
1786 893 2106 945 serescunt.

637 1165 824 1217 Stazio.
860 1165 886 1214 1
921 1167 1062 1230 poeti
1111 1166 1297 1215 arcaici
1345 1166 1535 1231 adope-

636 1252 821 1287 rarono
870 1236 1034 1287 anche
1075 1236 1126 1286 le
1174 1237 1335 1287 forme
1383 1238 1536 1287 attive

638 1309 690 1357 di
739 1313 974 1357 contuere
1020 1307 1282 1372 (Pacuvio,
1328 1315 1462 1372 trag.
1502 1318 1531 1373 5

636 1377 861 1442 Ribb.).
1416 1395 1422 1400 ·

709 1461 829 1513 301.
868 1457 1125 1514 usurpare
1158 1450 1317 1499 oculis
1334 1466 1352 1497 :
1395 1469 1420 1492 e
1453 1467 1537 1500 ve·

638 1521 758 1572 dere
800 1538 843 1570 ι.
884 1521 944 1569 In
981 1522 1020 1580 1,
1059 1522 1129 1570 60
1164 1528 1424 1584 usurpare
1448 1539 1539 1587 per

639 1612 664 1638 ι
708 1593 975 1642 nominare
1017 1611 1076 1654 ις
1136 1593 1180 1642 si
1226 1593 1537 1642 sottintende

639 1665 1047 1714 evidentemente
1094 1664 1126 1712 l’
1146 1664 1249 1716 abl.
1295 1680 1425 1713 voce.
1470 1690 1538 1698 —

637 1750 839 1785 suemus
856 1750 874 1782 .·
912 1735 999 1800 qui
1028 1751 1131 1784 non
1168 1732 1254 1800 gib.
1278 1736 1365 1784 nel
1387 1751 1538 1785 senso

638 1807 692 1856 di
733 1825 758 1848 e
799 1806 964 1856 siamo
999 1806 1138 1856 soliti
1182 1824 1237 1868 »ς
1277 1807 1364 1870 qui
1389 1807 1533 1872 quasi

638 1894 732 1944 per
769 1877 909 1927 dire:
953 1895 976 1921 α
1019 1893 1125 1928 non
1169 1878 1213 1927 si
1252 1876 1319 1926 d&
1359 1878 1464 1926 mai
1501 1877 1539 1926 il

640 1965 760 1999 caso
796 1948 892 1998 che
913 1982 925 1996 .
950 1987 963 2001 .
984 1984 996 1998 .
1041 1967 1085 1997 ι.
1136 1949 1247 2000 Che
1284 1948 1369 1997 del
1405 1958 1538 1999 resto

638 2034 785 2069 suere
832 2021 897 2070 ed
945 2020 985 2070 il
1039 2020 1312 2086 participio
1366 2025 1540 2068 suetus

639 2090 907 2142 indichino
934 2092 972 2142 il
999 2092 1125 2142 fatto
1150 2098 1393 2153 costante‚
1434 2107 1540 2141 non

640 2163 679 2213 il
704 2169 962 2223 consueto,
988 2180 1214 2229 provano
1240 2164 1355 2212 altri
1378 2179 1540 2213 esem·

640 2235 715 2300 pii
745 2234 1047 2285 lucteziani:
1089 2233 1180 2293 VI,
1207 2244 1308 2299 953
1343 2252 1365 2276 ι
1405 2235 1541 2297 ignis

532 2330 544 2341 ·
640 2307 733 2370 qui
754 2302 907 2366 ferri
925 2320 1121 2370 quoque
1143 2306 1247 2354 vim
1262 2309 1541 2368 penetrare

640 2378 809 2426 suevit
849 2394 873 2418 ›
925 2396 996 2417 =
1049 2396 1071 2419 c
1123 2374 1243 2442 pud,
1288 2373 1316 2424 ὲ
1365 2377 1539 2428 valido

643 2466 724 2499 a...
768 2461 831 2504 »ς
879 2447 947 2507 11,
984 2445 1090 2509 448
1131 2468 1156 2491 e
1196 2444 1372 2513 [saxa]
1409 2448 1542 2497 ictus

641 2525 956 2569 contemnere
988 2524 1130 2568 sueta
1172 2537 1195 2561 ι
1240 2537 1265 2563 α
1308 2519 1405 2570 che
1445 2536 1542 2569 son

642 2591 799 2641 validi
838 2606 868 2639 a
903 2591 1161 2655 spregiare
1198 2591 1215 2638 i
1253 2589 1406 2655 colpi,
1445 2591 1543 2641 che

640 2677 864 2728 possono
883 2662 1111 2712 resistere
1134 2678 1178 2729 p.
1200 2662 1410 2711 Altrove
1429 2662 1544 2711 vale

642 2733 851 2799 proptio
894 2752 917 2776 c
961 2749 1095 2782 esser
1122 2733 1261 2782 soliti
1301 2751 1349 2792 ι,
1375 2734 1415 2795 1,
1444 2732 1541 2793 603

642 2804 734 2863 IV,
784 2803 924 2868 3693
972 2804 1065 2863 VI,
1116 2814 1235 2866 793.
1286 2803 1369 2852 Ad
1420 2804 1576 2869 ogni'

644 2877 801 2925 modo
838 2876 923 2925 dai
960 2876 1097 2940 passi
1134 2892 1286 2941 sopra
1309 2875 1545 2940 riportati

643 2946 820 2996 risulta
868 2946 964 2996 che
1019 2947 1104 2996 nel
1157 2955 1332 2997 nostro
1388 2946 1545 3012 luogo

645 3033 846 3067 suemus
880 3038 953 3059 =
984 3020 1205 3082 quimus.

718 3100 898 3152 303-4.
935 3103 1113 3138 sensus
1137 3089 1391 3152 impellere
1409 3106 1425 3137 .·
1461 3088 1546 3138 dal

647 3160 774 3211 fatto
828 3160 924 3210 che
978 3160 1161 3210 alcuna
1217 3175 1338 3208 cosa
1393 3176 1547 3225 possa

648 3232 787 3297 agite
823 3233 903 3281 sui
937 3232 1087 3290 sensi,
1125 3231 1170 3281 si
1218 3231 1413 3280 deduce
1450 3230 1547 3281 che

650 3304 802 3352 abbia
862 3310 1042 3352 natura
1098 3318 1359 3367 corporea.
1409 3300 1545 3351 Gen.

650 3376 710 3436 Ἢ,
772 3384 858 3436 15:
926 3396 946 3416 ε
1010 3389 1191 3436 corpus
1252 3379 1418 3422 autem
1474 3379 1550 3423 est

650 3448 782 3508 quur!
826 3456 906 3492 aut
946 3448 1173 3494 efficiens
1222 3452 1296 3495 est
1334 3451 1419 3493 aut
1456 3460 1546 3509 pa-

654 3520 814 3572 tiens}
865 3520 910 3564 ’μὶ
954 3516 1146 3564 Graece
1185 3516 1453 3565 definitur:
1491 3509 1548 3563 τὸ

650 3584 758 3648 2³⁴?sz:
786 3592 966 3636 :roeuL-m‘
994 3584 1022 3648 ἢ
1054 3584 1251 3651 πιῑὶῠχον
1268 3604 1311 3633 »-
1353 3587 1546 3649 Questo

650 3660 762 3708 dice
786 3672 1010 3724 uppusun
1030 3659 1274 3710 Lucrezio
1294 3657 1378 3708 nel
1397 3672 1544 3709 verso

1641 1174 1898 1232 seguente,
1925 1169 2020 1218 che
2048 1168 2211 1218 anche
2238 1166 2408 1217 Gellio
2438 1167 2542 1216 cita

1641 1237 1751 1302 (ma
1770 1239 1873 1289 cita
1895 1245 1990 1290 aut
2010 1239 2158 1302 tang-i
2171 1255 2263 1304 per
2283 1246 2335 1288 et
2354 1234 2540 1302 tangi).

1641 1311 1867 1374 Epicuro
1890 1319 2050 1360 stesso
2067 1308 2168 1375 (pr.
2191 1311 2346 1375 Diog.
2370 1310 2542 1359 Laert-

1631 1380 1710 1444 ,X‚
1748 1379 1855 1444 67),
1905 1383 2018 1431 dice
2067 1382 2164 1432 che
2210 1380 2243 1430 1·
2260 1381 2447 1443 anima,
2487 1396 2543 1429 se

1645 1467 1751 1501 non
1806 1453 1941 1503 fosse
1994 1468 2241 1518 corporea
2301 1471 2323 1494 c
2381 1447 2544 1500 οῧθεν

1642 1518 1741 1585 γὰρ
1802 1519 1867 1572 ἄν
1925 1519 2140 1572 ἐδύνατο
2198 1527 2365 1572 ποιεῖν
2406 1513 2546 1570 ὀὔτε

1642 1589 1860 1657 πάσχειν
1900 1611 1943 1644 ⁸.
2000 1595 2232 1645 Siccome
2284 1594 2447 1642 anche
2494 1593 2547 1642 la

1643 1681 1785 1728 voce,
1838 1682 1870 1715 o
1925 1667 1979 1715 in
2034 1681 2220 1730 genere
2273 1666 2313 1714 il
2359 1680 2539 1723 suonn.

1645 1736 1815 1799 tangit
1845 1753 1878 1787 o
1915 1737 2141 1800 impellit,
2169 1752 2198 1786 e
2223 1734 2335 1786 cioe
2373 1737 2547 1801 agisce

1645 1808 1722 1857 sui
1760 1809 1919 1858 nostri
1944 1809 2095 1866 sensi,
2123 1807 2285 1858 anche
2311 1807 2364 1856 la
2400 1822 2543 1866 voce,

1647 1876 1845 1928 benche
1892 1879 1978 1929 noi
2029 1896 2135 1929 non
2185 1879 2238 1928 la
2291 1879 2544 1941 vediamo,

1645 1949 1714 1998 ha
1738 1957 1916 2000 natura
1942 1966 2200 2016 corporea.
2240 1951 2342 2000 Era
2368 1957 2549 2015 questa

1647 2021 1679 2070 1’
1692 2021 1938 2085 opinione
1975 2022 2114 2087 degli
2152 2021 2413 2080 atomisti3
2456 2021 2548 2070 cfr.

1648 2091 1835 2157 Gellio,
1873 2092 1907 2142 l.
1946 2107 2023 2142 c.:
2068 2111 2093 2136 e
2133 2093 2458 2144 Democritus
2488 2107 2550 2142 ac

1647 2165 1833 2213 deinde
1869 2166 2118 2229 Epicurus
2161 2181 2222 2215 ex
2271 2163 2550 2215 individuis

1647 2236 1943 2301 corporibus
1979 2251 2156 2286 vocem
2199 2241 2434 2286 constare
2471 2235 2549 2283 di-

1648 2315 1782 2368 cunt,
1835 2323 2049 2373 eamque
2099 2315 2154 2357 ut
2202 2308 2326 2371 ipsis
2370 2321 2550 2356 eorum

1646 2378 1811 2427 verbis
1847 2384 1972 2438 utar,
2010 2373 2177 2443 ῥεῦμα
2207 2373 2421 2441 ἀτόμων
2459 2393 2551 2442 ap-

1646 2448 1842 2515 pellant
1880 2467 1928 2499 ο.

1720 2532 1838 2585 305.
1875 2517 2207 2584 stuctffrago:
2262 2538 2287 2561 e
2325 2518 2421 2570 che
2469 2518 2552 2567 in-

1648 2592 1823 2656 frange
1860 2590 1909 2640 le
1948 2592 2082 2641 onde
2129 2609 2174 2656 ο,
2215 2587 2328 2641 οἱοὲ
2368 2610 2393 2633 e
2434 2591 2548 2639 bat-

1649 2670 1756 2712 tuto
1805 2661 1941 2716 dalle
1999 2662 2132 2712 onde
2185 2680 2231 2713 υ.
2288 2662 2396 2713 cfr.
2444 2670 2545 2727 275

1647 2732 1944 2796 silvfiagis.

1721 2802 1839 2867 306.
1867 2803 2107 2853 candenti
2139 2804 2253 2854 sole.
2294 2805 2320 2854 1
2351 2802 2550 2854 codici:

1648 2876 1907 2939 dispensae
1967 2876 2024 2923 ln
2084 2876 2184 2924 sole
2255 2881 2552 2923 serescunt:
2611 2868 2626 2883 ⁹

1652 2966 1676 2992 c
1720 2954 1852 2997 stese
1895 2945 1944 2996 al
1994 2946 2104 2997 sole
2140 2947 2183 2996 si
2235 2946 2552 2996 disseccano.

1648 3018 1823 3067 Nonio
1866 3026 1961 3082 175
2002 3018 2103 3067 cita
2153 3017 2192 3067 il
2229 3034 2379 3083 passo
2415 3024 2551 3067 sotto

1650 3096 1826 3154 questa
1877 3089 2041 3137 forma
2077 3090 2270 3138 eaedem
2314 3088 2558 3137 candenti

1650 3160 1750 3208 sole
1803 3166 2078 3208 seres-cunt.
2130 3161 2374 3209 Lucrezio
2428 3160 2554 3209 ado·

1651 3247 1774 3296 pera
1811 3227 1927 3294 (ΙΙΙ,
1967 3228 2095 3296 986)
2149 3232 2216 3279 da
2253 3231 2554 3293 dispandere

1651 3302 1703 3350 la
1768 3302 1933 3352 forma
2001 3303 2268 3368 dispessus.
2335 3302 2400 3352 D·
2424 3302 2555 3351 altra

1651 3378 1796 3438 parte
1831 3374 1870 3423 il
1921 3373 2188 3436 dispansae
2235 3370 2339 3439 pub
2387 3388 2555 3423 essere

1653 3445 1957 3510 rampollato
1988 3445 2073 3494 dal
2095 3452 2366 3508 suspensae
2386 3459 2553 3493 messo

1656 3516 1705 3565 al
1751 3516 2032 3566 medesimo
2086 3522 2236 3580 posto
2285 3515 2371 3565 nel
2407 3531 2555 3565 verso

1655 3588 1977 3653 precedente.
2003 3586 2050 3637 E
2075 3588 2128 3637 N
2130 3587 2252 3636 onio
2279 3582 2308 3633 e
2327 3588 2556 3636 testimo-

1656 3660 1838 3709 nianze
1862 3654 1955 3725 piu
1981 3658 2152 3709 antica
2171 3658 2257 3708 dei
2283 3658 2444 3708 nostri
2466 3653 2557 3721 piu
