2917 4275
934 329 1019 374 nr.
1065 327 1283 374 nanum
1328 329 1590 374 NATURA
2143 321 2220 376 81

304 459 369 521 in
415 457 570 519 saxis
614 480 686 521 ac
732 457 1029 537 speluncis
1074 467 1387 537 permanat
1431 475 1719 536 aquarum

304 548 567 626 liquidus
616 567 789 609 umor
835 558 895 608 et
941 548 1225 610 uberibus
1269 549 1415 608 flent
1461 547 1663 608 omnia
1705 547 1929 626 guttis;

305 637 552 716 dissipat
598 637 661 698 in
708 657 923 715 corpus
968 657 1098 698 sese
1144 635 1317 698 cibus
1362 656 1542 698 omne
1587 635 1995 711 animantum;

2095 653 2225 716 350

304 737 579 788 crescunt
622 728 863 787 arbusta
908 736 969 786 et
1013 728 1167 787 fetus
1213 725 1277 785 in
1321 729 1594 804 tempore
1637 727 1914 800 fundunt,

305 817 470 892 quod
518 814 686 876 cibus
730 814 791 876 in
839 825 993 876 totas
1038 834 1226 892 usque
1271 816 1351 875 ab
1397 813 1699 876 radicibus
1743 814 1878 877 imis

305 925 414 983 per
457 915 702 966 truncos
746 925 817 965 ac
862 924 969 983 per
1013 924 1209 965 ramos
1255 903 1606 965 diffunditur
1653 905 1869 966 omnis.

306 995 461 1054 inter
507 1004 709 1072 saepta
752 1003 957 1054 meant
1004 1013 1179 1056 voces
1224 1004 1286 1054 et
1330 994 1530 1054 clausa
1575 995 1890 1056 domorum

306 1082 740 1159 transvolitant,
787 1081 1042 1160 rigidum
1090 1092 1400 1161 permanat
1444 1081 1628 1162 frigus
1670 1084 1750 1142 ad
1793 1101 1944 1156 ossa,

212 1143 337 1205 <x

305 1173 490 1250 quod,
534 1171 649 1232 nisi
678 1169 879 1232 inania
908 1172 1043 1247 sint,
1078 1191 1197 1248 qua
1227 1183 1473 1250 possent
1502 1191 1756 1250 corpora
1785 1191 2061 1250 quaeque

2096 1100 2220 1163 355

308 1259 572 1334 transire,
624 1262 785 1322 haud
830 1262 951 1322 ulla
994 1260 1121 1322 fieri
1165 1261 1395 1323 ratione
1440 1261 1694 1322 videres,

308 1349 570 1428 denique
614 1370 721 1412 cur
764 1349 908 1410 alias
952 1350 1083 1410 aliis
1128 1360 1423 1429 praestare
1470 1349 1744 1410 videmus

307 1618 515 1668 Intanto
570 1619 691 1668 dall'
714 1625 920 1667 assunto
972 1617 1069 1667 che
1122 1616 1209 1666 nel

305 1698 479 1739 nostro
504 1706 651 1740 verso
679 1701 779 1753 347
802 1688 1211 1754 esplicitamente

307 1761 555 1822 dichiata‚
595 1761 692 1810 che
728 1757 843 1810 cioe
878 1761 955 1809 sia
1010 1761 1211 1810 interno

306 1832 406 1881 alle
444 1847 563 1882 cose
622 1832 658 1881 il
711 1837 882 1891 vuoto,
922 1831 964 1880 si
1016 1831 1212 1880 deduce

305 1903 509 1952 novella
547 1903 809 1953 conferma
858 1902 939 1951 all'
964 1903 1212 1967 interpre-

306 1975 505 2024 tazione
527 1975 621 2023 che
648 1973 675 2022 ὲ
696 1975 762 2024 da
788 1975 910 2024 dare
940 1974 991 2022 al
1014 1990 1061 2023 v.
1092 1984 1211 2036 330.

378 2058 499 2108 349.
534 2045 707 2108 flent:
760 2045 997 2096 evidente
1046 2060 1209 2095 corre·

305 2117 454 2169 zione
490 2118 662 2168 antica
700 2133 791 2182 per
812 2117 953 2183 fient
986 2117 1069 2167 dei
1121 2132 1207 2167 co-

306 2190 425 2239 dici.
469 2215 528 2223 —
562 2189 763 2253 guttis:
800 2190 855 2238 in
891 2188 981 2250 VI,
1021 2200 1123 2253 943
1158 2204 1208 2237 e·

304 2262 493 2326 sprime
521 2261 574 2310 lo
592 2270 756 2311 stesso
776 2274 875 2309 con
896 2260 1028 2309 frase
1056 2275 1209 2309 meno

308 2333 471 2381 ardita
491 2348 573 2381 ma
598 2328 689 2397 piu
708 2332 993 2396 leggiadra:
1014 2326 1111 2396 [stt
1132 2325 1209 2395 ut]

302 2403 465 2465 guttis
502 2403 832 2451 manantibus
868 2402 1076 2450 stillent.

381 2482 500 2537 350.
541 2474 760 2537 dissipas
792 2474 849 2522 in
886 2480 1074 2537 corpus
1109 2488 1211 2521 sese

307 2545 446 2594 cibus
470 2560 645 2594 omne:
683 2546 772 2608 VI,
811 2546 916 2606 946
959 2564 983 2589 α
1014 2545 1209 2595 diditur

304 2616 361 2663 in
395 2628 551 2664 venas
588 2617 727 2665 cibus
750 2617 915 2665 omnis
945 2633 969 2657 ι
1000 2614 1062 2673 (il
1090 2632 1209 2665 con·

304 2687 474 2737 fronto
513 2688 596 2737 col
632 2694 806 2739 nostro
843 2703 996 2752 passo
1020 2696 1209 2737 mostra

308 2758 405 2807 che
430 2760 595 2807 omnis
632 2760 674 2808 si
705 2759 929 2809 riferisce
959 2775 988 2807 a
1013 2756 1207 2823 venas).

379 2841 408 2891 3
416 2838 500 2893 51.
507 2832 681 2893 setus:
701 2846 793 2894 pet
818 2848 842 2871 c
870 2830 1045 2880 istutti
1071 2830 1207 2895 degli

306 2900 468 2949 alberi
512 2918 554 2963 ι»,
596 2901 759 2950 anche
796 2901 882 2949 nel
922 2909 1040 2965 253.

378 2985 407 3035 3
416 2981 497 3033 52.
537 2972 593 3019 in
632 2977 789 3020 totas:
838 2969 951 3022 cioe
988 2972 1208 3041 arbores,

305 3042 399 3091 che
450 3042 488 3092 s'
511 3043 699 3093 induce
750 3042 1107 3091 dall'arbusta.
1166 3046 1210 3094 E

304 3114 567 3165 l’identico
621 3131 712 3163 uso
771 3115 854 3163 del
909 3130 1054 3164 verso
1111 3126 1211 3177 190

306 3191 692 3249 crescentesque,
716 3185 812 3235 che
830 3201 957 3251 pure
976 3186 1210 3235 incontra

304 3256 353 3306 le
390 3257 708 3322 ripugnanze
744 3256 797 3305 di
837 3257 979 3305 tanti.

375 3337 498 3392 354.
538 3329 675 3376 inter
736 3334 906 3390 saepta
960 3341 1099 3376 ecc-z
1157 3327 1209 3375 lo

302 3408 467 3449 stesso
506 3407 806 3464 argomento
846 3406 990 3461 porta
1030 3398 1084 3445 in
1118 3398 1209 3456 VI,

304 3478 423 3534 951,
464 3472 714 3521 mutando
763 3471 1111 3535 1eggermente
1160 3468 1210 3518 le

302 3542 516 3607 parole:
560 3561 585 3584 e
624 3549 719 3604 per
757 3542 1009 3603 dissaepta
1045 3539 1211 3587 domo-

306 3630 425 3661 rum
454 3628 611 3661 saxea
644 3628 784 3661 voces
810 3611 1141 3660 Pervolitant
1164 3628 1208 3658 ι.

364 3694 485 3751 355.
502 3690 781 3747 permanat
790 3682 977 3747 frigus
992 3682 1067 3732 ad
1078 3698 1213 3731 ossa.-

1324 1624 1507 1682 questo
1545 1623 1846 1684 argomento
1884 1618 1969 1667 nel
1999 1619 2131 1668 libro
2156 1619 2230 1669 VI

1322 1685 1413 1747 c'e,
1440 1705 1528 1738 ma
1564 1686 1594 1737 ὲ
1630 1689 2000 1754 generalizzato
2032 1706 2140 1754 non
2165 1691 2228 1741 ri·

1322 1766 1498 1810 stretto
1536 1759 1586 1809 al
1623 1760 1736 1810 solo
1776 1776 1934 1826 corpo
1961 1776 2172 1820 umano,
2199 1778 2227 1810 e

1322 1831 1372 1880 la
1410 1832 1681 1881 menzione
1717 1830 1804 1880 del
1841 1831 2022 1881 freddo
2046 1829 2075 1881 ὲ
2101 1833 2228 1882 satta

1320 1903 1538 1952 insieme
1578 1921 1608 1951 a
1644 1901 1816 1966 quella
1871 1903 1954 1952 del
1999 1903 2152 1953 caldo
2199 1920 2228 1953 e
2282 1912 2285 1917 '

1321 1972 1636 2025 dell'odore:
1675 1973 1766 2032 v1,
1797 1985 1930 2039 952:
1948 1980 2230 2037 permanat

1320 2045 1446 2093 odor
1468 2044 1749 2108 frigusque
1785 2052 2042 2109 vaposque
2063 2044 2224 2109 Ignis,

1320 2116 1414 2180 qui
1432 2115 1584 2179 ferri
1605 2131 1801 2181 quoque
1825 2117 1932 2167 vim
1949 2123 2228 2181 penetrare

1318 2188 1487 2236 sue‘vit
1526 2205 1570 2237 ι.

1390 2258 1574 2321 356-7.
1612 2260 1688 2308 Mi
1741 2276 1866 2324 pare
1922 2260 2102 2310 inutile
2157 2261 2224 2309 ri-

1319 2338 1523 2394 portare
1561 2330 1578 2379 i
1616 2331 1765 2381 molti
1823 2332 2055 2381 tentativi
2110 2331 2224 2381 fatti

1318 2418 1409 2466 pet
1448 2409 1644 2451 mutare
1683 2418 1715 2451 o
1754 2402 2116 2467 interpungere
2149 2404 2227 2452 di-

1318 2480 1638 2523 versamente
1674 2480 1854 2538 questo
1893 2473 2067 2538 luogo.
2123 2474 2226 2523 Nei

1319 2544 1489 2593 codici
1528 2543 1566 2594 il
1591 2560 1745 2609 passo
1767 2542 1795 2593 ὲ
1814 2542 1924 2593 cosi
1947 2545 2224 2609 riportato;

1319 2612 1560 2665 salvoche
1596 2615 1683 2665 nel
1731 2612 1821 2681 piu
1861 2616 2046 2674 antico,
2089 2616 2121 2665 1’
2132 2615 2224 2664 Ob-

1320 2686 1502 2750 longus
1559 2702 1587 2735 e
1633 2686 1720 2736 nel
1777 2686 2118 2752 Gottorpiano
2175 2688 2224 2736 al

1318 2765 1469 2823 posto
1507 2758 1592 2807 del
1614 2757 1746 2821 fieri
1793 2755 1821 2806 ὲ
1872 2773 1942 2807 un
1978 2758 2226 2815 valerent,

1318 2829 1415 2879 che
1450 2845 1522 2879 un
1560 2836 1836 2879 correttore
1873 2827 2073 2879 sostitui
2098 2827 2224 2895 pero

1318 2900 1401 2949 col
1422 2900 1565 2964 fieri.
1604 2900 1858 2950 Potrebbe
1915 2916 2080 2950 essere
2127 2902 2222 2951 che

1318 2972 1356 3019 il
1392 2971 1627 3020 valerent
1660 2970 1795 3021 fosse
1831 2970 2102 3036 legittimo,
2140 2990 2224 3023 ma

1319 3049 1578 3107 spostato;
1617 3057 1648 3092 e
1684 3041 1781 3091 che
1818 3039 1934 3091 cioe
1971 3042 2008 3091 il
2054 3043 2223 3109 primo

1318 3128 1464 3163 verso
1548 3113 1682 3163 fosse
1769 3114 2224 3177 originariamente

1317 3183 1449 3235 cosi:
1479 3184 1636 3245 Quod,
1665 3184 1773 3234 nisi
1793 3185 1976 3233 inania
1999 3185 2106 3234 sint
2123 3202 2226 3250 qua

1318 3262 1538 3318 corpora
1586 3268 1812 3320 quaeque
1858 3256 2108 3306 valerent.
2147 3259 2223 3308 Le
2305 3264 2321 3275 ⁸

1318 3328 1416 3376 due
1473 3326 1694 3376 lezioni:
1743 3333 1956 3391 possent
2006 3334 2224 3391 corpora

1316 3413 1547 3462 quaeque
1583 3413 1614 3447 e
1637 3405 1860 3462 corpora
1882 3413 2111 3463 quaeque
2133 3415 2224 3447 va-

1318 3470 1482 3517 lerent
1530 3477 1785 3535 potranno
1835 3479 2223 3535 rapptesentare

1318 3540 1479 3590 dubbi
1516 3556 1548 3591 o
1574 3540 1855 3591 correzioni
1895 3541 1948 3589 di
1973 3542 2223 3593 Lucrezio

1316 3619 1494 3669 stessm
1548 3628 1712 3664 essere
1775 3618 1903 3662 state
1961 3611 2074 3662 cioe
2135 3627 2223 3662 en-

1319 3683 1515 3733 trambe
1553 3683 1639 3733 nel
1679 3683 2009 3734 manoscritto
2066 3684 2224 3748 origi-

1976 3806 2009 3855 6
