2917 4275
1106 330 1514 376 PREFAZIONE.
2229 333 2276 375 V

338 457 581 520 merarii
618 469 775 533 sunt,
815 476 936 536 quo
966 457 1251 519 meliores
1280 457 1521 520 codices
1552 455 1686 532 sint,
1721 475 1796 516 ex
1825 455 2044 535 quibus
2075 467 2272 520 textus

338 563 664 639 hauriatur,
718 585 790 626 eo
834 563 1150 626 artioribus
1200 565 1423 626 finibus
1471 567 1792 625 verborum
1840 565 2267 626 mutandorum

340 670 645 734 licentiam
693 669 1121 734 continendam
1170 691 1319 733 esse.
1367 675 1572 750 Atque
1619 671 1944 731 Leidenses
1989 669 2039 730 si
2067 673 2266 732 bonos

334 777 583 840 codices
612 777 816 840 dicere
847 799 972 840 non
1004 779 1243 852 audeaS,
1282 777 1424 838 mali
1465 788 1624 838 certe
1657 797 1783 838 non
1817 789 1955 838 sunt
1992 801 2045 840 2.
2085 781 2264 851 Pure,

332 903 378 942 a
424 884 526 944 noi
574 885 817 944 sembro
862 886 975 945 che
1021 886 1215 945 anche
1279 882 1343 944 in
1390 885 1522 944 altri
1568 883 1724 962 passi
1784 887 1896 944 che
1941 886 2178 945 all’uno
2227 905 2266 945 o

334 991 437 1050 all’
457 993 610 1050 altro
659 989 758 1049 dei
804 989 954 1050 detti
999 990 1217 1051 editori
1264 993 1650 1051 sembrarono
1697 1011 1736 1051 o
1781 989 2026 1051 monchi
2057 1011 2094 1050 o
2125 1010 2268 1069 spo-

340 1096 477 1158 stati
523 1117 561 1157 o
604 1095 865 1170 corrotti,
914 1095 1001 1156 sia
1034 1098 1114 1157 da
1144 1107 1298 1158 stare
1336 1100 1452 1158 alla
1499 1091 1824 1158 tradizione
1856 1097 2262 1159 manoscritta.

340 1205 454 1264 Per
498 1205 556 1264 le
603 1201 822 1264 notizie
883 1202 975 1262 sui
1022 1202 1236 1282 singoli
1282 1204 1494 1283 luoghi
1552 1203 1945 1264 rimandiamo
2001 1207 2057 1264 al
2104 1223 2263 1265 com·

339 1319 589 1384 mento;
655 1308 759 1387 qui
804 1308 1089 1370 facciamo
1153 1309 1383 1388 seguire
1440 1331 1523 1370 un
1586 1313 1770 1371 breve
1832 1318 2141 1388 prospetto
2202 1308 2267 1376 di

340 1414 517 1495 passi,
567 1413 668 1475 nei
714 1414 877 1492 quali
937 1418 997 1475 la
1051 1427 1255 1478 nostra
1316 1417 1587 1478 edizione
1633 1418 1712 1478 ha
1757 1418 2012 1494 qualche
2073 1415 2267 1476 diver-

340 1543 528 1600 genza
575 1543 614 1583 o
660 1521 759 1582 dai
806 1521 1000 1583 codici
1047 1543 1084 1583 o
1132 1524 1289 1583 dalle
1336 1523 1591 1584 edizioni
1637 1523 1944 1603 maggiori.
1997 1523 2068 1586 Ci
2114 1524 2264 1584 limi-

340 1626 528 1689 tiamo
588 1627 691 1704 qui
756 1607 792 1686 ἐι
852 1647 1118 1706 segnare,
1176 1630 1341 1708 dopo
1389 1629 1431 1688 il
1495 1648 1748 1689 nurnero
1808 1630 1908 1689 del
1955 1649 2147 1705 verso,
2206 1633 2266 1690 la

338 1736 577 1798 lezione
622 1737 702 1795 da
747 1734 848 1796 noi
902 1735 1129 1814 seguita
1176 1757 1209 1796 e
1254 1739 1453 1814 quella
1499 1748 1744 1816 segnata
1798 1739 1938 1798 nell'
1967 1737 2264 1814 oblongus

330 1842 441 1922 (=
487 1843 571 1924 O)
622 1863 657 1904 e
703 1845 803 1903 nel
856 1844 1212 1919 Quadratus
1258 1843 1355 1922 (=
1399 1843 1503 1924 Q).
1575 1900 1580 1903 .

434 1955 535 2011 66.
591 1953 819 2010 tendere
864 1947 881 2030 ]
930 1952 1133 2010 tollere
1178 1951 1315 2026 OQ.

433 2060 535 2117 68.
568 2057 753 2134 fama
796 2054 814 2136 ]
862 2058 945 2115 sic
990 2055 1125 2132 OQ.

441 2186 581 2226 121.
631 2168 810 2225 eidem
852 2164 871 2245 ]
920 2168 1087 2224 edens
1132 2165 1269 2241 OQ.

439 2296 459 2331 1
480 2294 578 2333 22.
617 2280 1015 2354 permaneant
1054 2270 1073 2351 ]
1122 2274 1206 2331 sic
1251 2273 1386 2349 OQ.

439 2400 577 2455 130.
628 2387 751 2438 tum
795 2377 813 2459 ]
863 2390 1000 2438 tunc
1054 2378 1190 2454 OQ.

440 2506 580 2559 141.
626 2487 881 2565 sufflrre
923 2483 941 2565 ]
990 2488 1200 2562 ffrre
1248 2486 1381 2560 OQ.

439 2609 554 2669 175
565 2636 579 2651 .
626 2610 772 2651 uvas
800 2588 819 2671 ]
853 2594 996 2650 vites
1030 2589 1165 2667 OQ.
1206 2592 1364 2650 Uvas
1394 2594 1427 2650 ὲ
1452 2600 1802 2669 congettura
1831 2591 1930 2650 del
1963 2594 2258 2666 Pontan0,

324 2700 452 2759 che
483 2719 591 2777 par
621 2696 953 2759 necessaria
982 2717 1089 2775 per
1118 2697 1161 2758 il
1192 2718 1368 2759 senso
1399 2696 1528 2776 (cfr.
1560 2700 1772 2775 fundi,
1806 2717 1931 2758 non
1945 2697 2259 2777 fundere).

437 2826 579 2885 190.
628 2813 1047 2881 crescentesque
1091 2802 1108 2885 ]
1156 2808 1241 2864 sic
1286 2806 1421 2881 OQ.

435 2934 464 2971 2
484 2930 579 2991 15.
627 2916 871 2989 quicque
914 2909 931 2991 ]
981 2914 1269 2989 quicquid
1306 2913 1444 2987 OQ.

433 3039 575 3095 271.
612 3026 861 3098 pontum
907 3016 924 3098 ]
971 3027 1170 3077 cortus
1216 3019 1351 3094 OQ.

433 3128 577 3200 276.
627 3132 829 3184 ventus
871 3121 889 3203 ]
928 3133 1151 3204 pontus
1198 3126 1334 3201 OQ.

429 3234 509 3291 28
524 3254 576 3294 2.
625 3251 857 3309 quom...
901 3239 1077 3307 urget
1116 3228 1133 3310 ]
1185 3251 1349 3308 quem
1380 3239 1596 3305 aurgel
1625 3232 1696 3304 O,
1731 3250 1898 3307 quem
1930 3234 2133 3307 virget
2173 3232 2261 3306 Q.

424 3343 577 3417 ,289.
625 3340 757 3398 ruit
798 3358 921 3415 qua
965 3340 1263 3414 quidquid
1297 3335 1314 3418 ]
1364 3341 1447 3397 sic
1494 3338 1631 3415 OQ.

428 3448 576 3521 306.
626 3445 902 3505 candenti
938 3440 957 3524 ]
1007 3446 1319 3524 dispansae
1365 3446 1502 3521 OQ.

420 3570 463 3627 3
478 3571 501 3609 1
519 3566 575 3628 5.
614 3552 949 3631 praeclusit
988 3553 1229 3631 speciem
1273 3549 1291 3631 ]
1340 3556 1423 3611 sic
1469 3552 1605 3628 OQ.

420 3674 575 3733 347.
628 3658 761 3717 licet
800 3656 819 3737 ]
869 3659 1071 3717 liceret
1114 3657 1251 3733 OQ.
