2917 4275
943 343 1027 385 DE
1071 342 1286 385 RERUM
1331 342 1611 390 NATURA.

346 467 548 528 omnia
593 465 751 528 enim
798 465 997 527 stolidi
1042 465 1226 544 magis
1271 466 1636 527 admirantur
1678 477 2019 543 amantque,

346 556 591 617 inversis
636 574 788 633 quae
834 557 945 616 sub
989 555 1186 616 verbis
1229 555 1516 616 latitantia
1560 565 1828 628 cernunt,

348 664 602 723 veraque
645 644 1013 705 constituunt
1057 663 1210 723 quae
1255 645 1415 704 belle
1462 653 1701 722 tangere
1748 654 1996 722 possunt

346 733 500 794 auris
546 745 605 794 et
648 732 850 811 lepido
893 751 1044 810 quae
1088 744 1225 794 sunt
1255 734 1461 809 ‚fucata
1507 751 1734 794 sonore.

437 825 593 882 Nam
639 841 743 883 cur
785 832 907 882 tam
952 820 1145 881 variae
1189 841 1282 882 res
1327 831 1569 899 possent
1615 840 1759 894 esse,
1809 820 2060 897 requiro,
2115 826 2189 894 64
2209 842 2237 898 5

347 931 423 971 ex
469 931 588 972 uno
634 910 682 970 si
726 921 862 970 sunt
904 909 1026 988 igni
1068 928 1337 988 puroque
1382 911 1652 970 creatae?

350 998 433 1059 nil
475 1000 784 1078 prodesset
826 998 983 1058 enim
1028 997 1286 1059 calidum
1331 997 1633 1058 denserier
1677 996 1874 1076 ignem

356 1279 479 1327 pure
504 1263 558 1311 in
594 1262 780 1325 Enni0,
809 1265 949 1311 Ann.
990 1275 1056 1324 29
1091 1279 1119 1312 e
1152 1275 1248 1326 139

351 1334 501 1383 Vahl.
529 1333 623 1397 (=
661 1347 730 1395 44
758 1350 785 1383 e
811 1333 876 1396 67
907 1333 1114 1397 Valm.),
1142 1351 1171 1384 e
1196 1335 1250 1382 in

357 1405 505 1454 Livio
540 1403 833 1454 Andronico
858 1420 932 1469 pr.
970 1405 1122 1454 Festo
1148 1417 1250 1470 352

355 1497 426 1517 ==
480 1475 679 1525 framm.
732 1488 797 1524 22
845 1476 903 1523 B.
965 1475 1043 1524 Lo
1091 1483 1251 1526 stesso

358 1547 509 1597 Festo
535 1546 635 1595 cita
660 1561 785 1611 pure
822 1546 972 1610 (261)
1010 1545 1049 1595 il
1078 1554 1251 1596 nostro

355 1633 501 1666 verso
537 1632 566 1666 e
602 1617 620 1665 i
656 1618 757 1668 due
793 1617 1017 1666 enniani.

427 1690 547 1748 642.
573 1689 794 1737 inversis
820 1690 911 1737 sub
944 1690 1140 1736 verbis:
1178 1695 1253 1737 tra

358 1758 376 1805 i
415 1758 645 1807 riscontri
693 1759 777 1808 del
826 1759 1011 1808 Munro
1056 1759 1125 1808 mi
1163 1775 1254 1824 par

360 1828 652 1877 conclusivo
689 1830 863 1894 quello
902 1845 998 1878 con
1035 1829 1251 1892 Quintil.

355 1900 531 1948 Instit.
568 1901 708 1959 VIII,
752 1901 799 1960 6,
832 1914 936 1962 44:
975 1897 1253 1966 ἀλληγορία

354 1986 509 2033 quam
544 1971 881 2020 inversionem
908 1973 1251 2036 interpretan-

356 2047 446 2089 tur
498 2041 650 2089 aliud
695 2043 861 2091 verbis
909 2043 1061 2091 aliud
1103 2059 1252 2092 sensu

357 2112 589 2171 ostendit,
619 2113 767 2162 etiam
804 2114 1011 2163 interim
1051 2120 1251 2163 contra-

355 2184 510 2231 rium.
562 2184 606 2233 11
644 2184 865 2233 discorso
914 2184 966 2232 di
1013 2184 1249 2246 Eraclsto,

358 2268 501 2303 come
538 2271 726 2319 appare
763 2254 847 2304 dai
887 2255 1193 2315 frammenti,
1224 2252 1251 2304 ὲ

356 2330 488 2373 tutto
524 2325 815 2388 allegorica

427 2395 546 2458 643.
602 2403 811 2461 tangere
858 2398 1007 2446 auris
1025 2415 1041 2445 .·
1096 2418 1120 2442 ι
1176 2397 1251 2446 di-

357 2465 535 2516 lettare
571 2466 621 2516 le
659 2467 889 2517 orecchie
930 2488 974 2517 n.

430 2537 550 2598 644.
636 2554 848 2587 sonore:
944 2539 1250 2591 sostantivo:

362 2628 385 2651 ι
428 2623 592 2656 suono
633 2626 677 2658 ι.
722 2608 768 2657 11
804 2615 954 2674 poeta
992 2610 1109 2658 vuol
1145 2611 1254 2661 dire

358 2679 452 2727 che
487 2678 537 2728 le
569 2685 804 2728 sentenze
830 2678 1065 2730 era'clitee
1100 2680 1255 2731 fanno

360 2746 477 2797 bel
480 2762 642 2798 suono
667 2766 695 2799 e
722 2750 1010 2815 riempiono
1043 2751 1092 2802 le
1116 2768 1253 2802 orec·

360 2819 485 2879 chie,
525 2836 607 2868 ma
644 2836 748 2869 non
784 2822 883 2870 han
921 2822 1171 2887 pensiero.
1209 2823 1255 2872 E

360 2905 465 2939 non
502 2886 530 2938 ὲ
578 2893 725 2940 vero!
782 2893 828 2942 11
864 2892 1099 2957 pensiero
1142 2896 1187 2942 v’
1209 2890 1252 2958 ὲ,

362 2977 390 3009 e
427 2959 593 3025 quale,
632 2977 660 3012 e
696 2976 841 3013 come
876 2963 1160 3029 profondo!

431 3033 551 3095 645.
587 3048 717 3081 cur:
756 3034 845 3098 qui
871 3050 961 3099 per
990 3038 1251 3119 quomodo.

358 3102 406 3152 Il
440 3110 594 3168 poeta
628 3103 772 3156 dice:
822 3120 967 3155 come
1000 3105 1042 3153 si
1078 3107 1253 3172 spiega

361 3174 411 3221 la
464 3171 652 3225 variet&
711 3175 845 3225 delle
901 3191 1032 3237 cose,
1090 3192 1144 3227 se
1204 3178 1254 3228 la

360 3245 570 3294 materia
607 3241 634 3293 ὲ
672 3250 814 3296 una?

431 3314 551 3377 646.
590 3332 652 3364 ex
688 3333 829 3366 uno.-
866 3317 883 3365 i
908 3318 1009 3369 due
1039 3317 1253 3369 leidensi

360 3402 472 3444 uro,
523 3387 615 3436 che
666 3383 695 3436 ὲ
751 3395 967 3438 cori-etto
1024 3388 1079 3438 in
1133 3406 1254 3439 vero

360 3456 479 3505 nell’
499 3458 743 3523 oblongus
802 3475 830 3509 e
890 3460 944 3508 in
1004 3476 1109 3508 uno
1167 3461 1255 3512 nel

360 3529 664 3590 quadratus.
718 3528 822 3580 Cfr.
882 3530 985 3594 636
1035 3546 1097 3578 ex
1144 3532 1258 3596 igni

363 3599 629 3647 consistere
665 3600 784 3651 solo.
823 3601 1045 3650 Eraclito
1078 3600 1256 3653 diceva

363 3668 454 3717 che
502 3668 541 3717 il
590 3671 778 3722 mondo
827 3687 933 3721 non
987 3671 1043 3722 fu
1086 3679 1255 3723 creato

1356 1259 1422 1312 ne
1458 1264 1523 1312 da
1547 1280 1617 1312 un
1651 1264 1751 1323 dio,
1778 1259 1843 1312 ne
1881 1265 1946 1315 da
1982 1279 2052 1313 nn
2077 1278 2241 1318 utun-2*¹

1358 1351 1441 1384 ma
1488 1351 1601 1385 esso
1651 1335 1723 1394 fu,
1768 1331 1810 1394 ὲ,
1863 1352 1891 1387 e
1941 1332 2052 1384 sar&
2098 1336 2249 1384 fumeo

1356 1421 1557 1472 sempr-e
1593 1406 1724 1468 vive,
1746 1406 1840 1455 che
1871 1407 2245 1470 gradatamente

1356 1477 1398 1526 si
1436 1477 1655 1526 accende
1701 1492 1730 1525 e
1779 1477 2161 1541 gradatamente
2209 1505 2241 1526 π,

1357 1562 1580 1613 spegne:
1628 1563 1704 1612 pr.
1743 1546 2022 1605 Clemente,
2061 1548 2245 1597 δίνου-τ.

1358 1617 1449 1678 IV,
1511 1628 1642 1683 105:
1705 1621 1905 1682 κόσμον
1961 1614 2106 1668 τόνδε
2169 1621 2237 1666 rai,

1357 1684 1514 1739 αὐτὸν
1550 1685 1792 1739 ἁπάντων
1826 1686 1946 1741 οὔτε
1987 1706 2059 1744 τις
2106 1686 2249 1738 {inha-

1358 1757 1478 1810 οὔτε
1513 1756 1818 1822 ἀνθρώπων
1853 1757 2107 1824 ἐποίησεν,
2141 1758 2248 1810 ,εἰ-ΞΕ.

1358 1827 1423 1895 ἦν
1461 1827 1539 1880 ἀεὶ
1569 1828 1659 1880 καὶ
1685 1828 1819 1881 ἔστιν
1854 1827 1945 1880 καὶ
1971 1827 2110 1880 ἔσται
2145 1838 2249 1894 sti-23

1358 1899 1595 1962 ἀείζωον,
1632 1899 1933 1966 ἁπτόμενον,
1962 1898 2126 1965 μέτρα
2161 1902 2249 1950 xm

1359 1968 1805 2037 ἀποσβεννύμενον
1873 1969 2036 2036 μέτρα
2102 1970 2249 2037 (ΗΜ.

1361 2044 1420 2092 fr.
1461 2056 1529 2106 30
1564 2043 1747 2108 Diels).

1430 2115 1678 2179 647·652.
1717 2114 1845 2165 Dice
1883 2114 1921 2163 il
1945 2120 2126 2181 poe-tat
2169 2118 2245 2162 imi

1359 2186 1463 2235 dite
1500 2187 1592 2236 che
1640 2186 1724 2234 dal
1772 2185 1923 2235 fnoco
1971 2202 2098 2236 sono
2137 2199 2249 2235 nate

1358 2264 1489 2307 tutte
1537 2255 1586 2306 le
1636 2273 1765 2317 cose,
1823 2258 2077 2308 mediante
2133 2275 2245 2307 cou-

1357 2327 1662 2377 densazione
1710 2344 1738 2378 e
1786 2328 2128 2387 rarefazione;
2173 2347 2245 2375 m:

1358 2415 1414 2450 se
1439 2399 1489 2448 le
1524 2398 1784 2463 particelle
1814 2399 1867 2447 di
1893 2399 2044 2449 fuoco
2081 2400 2249 2447 haum]

1358 2469 1409 2518 la
1444 2476 1602 2518 stessa
1640 2478 1817 2518 natura
1852 2469 1935 2519 del
1980 2477 2126 2529 tutto,
2169 2476 2245 2519 πει-Ε

1360 2540 1683 2589 condensarsi
1714 2553 1818 2589 non
1855 2539 2011 2589 fanno
2035 2541 2127 2590 che
2165 2559 2245 2587 an-

1362 2618 1587 2660 mentare
1623 2610 1661 2659 il
1698 2610 1879 2671 calore,
1920 2627 1948 2660 e
1998 2611 2082 2661 nel
2119 2628 2217 2659 mun.

1361 2681 1481 2732 farsi
1517 2681 1844 2730 diminuirlo:
1893 2697 2038 2731 come
2080 2695 2245 2747 poti

1359 2752 1692 2815 immaginare
1756 2752 1849 2801 che
1910 2768 2128 2802 nascano

1359 2820 1441 2872 cio
1478 2838 1645 2872 nuove
1681 2826 1833 2873 cose?
1871 2823 2093 2873 Eraclito
2117 2827 2221 2887 spi
2233 2855 2245 2859 -

1362 2910 1489 2958 gava
1525 2900 1814 2944 veramente
1849 2894 1882 2941 1‘
1898 2894 2094 2958 origine
2118 2895 2249 2943 deta:

1360 2980 1478 3014 cose
1531 2980 1628 3013 con
1673 2964 1724 3014 la
1773 2964 2169 3015 condensazione
2241 2991 2249 3015 2·

1360 3035 1666 3085 rarefazione
1711 3035 1795 3084 del
1838 3035 2019 3086 suoco:
2071 3035 2249 3099 Simf-J.

1354 3107 1502 3171 phys.
1554 3118 1636 3168 23,
1689 3118 1786 3169 33:
1833 3103 2080 3162 Ἵππασος
2126 3103 2185 3155 ἆὲτ
2229 3135 2253 3147 υ

1359 3174 1745 3231 Μεταποντῖνος
1781 3173 1873 3226 καὶ
1898 3174 2249 3263 ῙΗράκλεεττ

1359 3244 1390 3296 ὄ
1430 3244 1778 3311 Ἐφέσιος...
1806 3286 1817 3298 .
1853 3251 1959 3313 πῦρ
2007 3245 2237 3315 ἕποίηιτιυι
2245 3271 2253 3279 ·

1359 3314 1453 3381 τὴν
1490 3314 1672 3382 ἀρχήν,
1711 3315 1802 3367 καὶ
1853 3316 1915 3368 ἐκ
1964 3317 2128 3385 πυρὸς
2165 3339 2229 3367 π·-

1361 3393 1496 3439 ιοῢσι
1553 3386 1612 3438 τᾶ
1667 3386 1788 3440 ὄντα
1847 3387 2113 3440 πυκνώσει
2161 3411 2229 3439 mr

1357 3456 1590 3525 μανώσει
1637 3457 1728 3510 καὶ
1785 3459 2048 3511 διαλύουσι
2101 3459 2213 3511 πάι..

1360 3528 1431 3585 εἷς
1466 3534 1590 3595 πῦρ,
1617 3527 1692 3586 ὥς
1728 3529 1913 3597 ταύτης
1935 3535 2058 3595 μιᾶς
2092 3531 2249 3595 m’ffffl,.-;

1360 3599 1574 3667 φύσεως
1596 3598 1683 3665 τῆς
1702 3598 2058 3667 ὑποκειμένης.
2080 3603 2141 3651 V.
2165 3623 2249 3651 nov

1361 3681 1413 3723 ta
1435 3690 1467 3723 a
1492 3672 1610 3737 653.
1639 3674 1702 3722 V.
1730 3673 1805 3723 St.
1832 3675 1944 3725 crit.
1970 3691 2020 3740 p.
2049 3673 2115 3724 62
2141 3691 2245 3739 sgg.
