2917 4275
938 306 1043 348 nn
1087 307 1303 350 amum
1350 307 1627 352 NATURA.
2169 313 2248 370 47

332 432 533 508 sensit,
585 442 644 493 et
688 434 850 494 hunc
896 443 1141 511 propter
1186 433 1407 494 ferrum
1455 436 1650 496 celare
1695 432 2014 508 ministroS,
2163 458 2246 515 90

332 533 695 601 aspectuque
743 541 849 582 suo
894 520 1165 584 lacrimas
1211 523 1514 584 effundere
1563 523 1726 600 civiS,

333 622 499 672 muta
544 622 709 672 metu
754 621 969 672 terram
1014 611 1268 690 genibus
1316 611 1630 674 summissa
1673 617 1936 692 petebat.

332 720 445 762 nec
491 699 741 760 miserae
786 701 1071 778 prodesse
1117 701 1181 760 in
1228 701 1331 761 tali
1376 713 1647 780 tempore
1695 703 1906 782 quibat

336 792 502 868 quod
548 789 741 868 patrio
784 789 1061 868 princeps
1106 787 1356 850 donarat
1401 791 1647 853 nomine
1692 810 1937 870 regem:

334 899 473 939 nam
519 881 750 938 sublata
796 879 987 939 virum
1026 879 1303 939 manibus
1332 880 1837 960 tremibundaque
1865 883 1945 942 ad
1979 899 2110 941 aras
2165 897 2242 958 95

336 969 665 1042 deductast‚
715 987 839 1028 non
886 979 954 1028 ut
998 969 1251 1028 solemni
1295 989 1465 1030 more
1515 990 1813 1032 sacrorum

337 1059 601 1136 perfecto
650 1069 852 1135 posset
897 1059 1058 1118 claro
1101 1057 1371 1118 comitari
1417 1062 1794 1138 Hymenan,

339 1148 443 1207 sed
490 1157 651 1207 casta
694 1145 949 1223 inceste,.
988 1147 1259 1207 nubendi
1305 1158 1576 1226 tempore
1622 1149 1686 1210 in
1731 1149 1882 1226 ipsQ

333 1235 525 1296 hostia
570 1235 913 1297 concideret
956 1246 1217 1297 mactatu
1262 1248 1488 1300 maesta
1533 1237 1813 1315 parenti3‚

407 1460 491 1510 90.
530 1449 723 1498 sensit.-
760 1448 799 1497 il
836 1463 979 1512 sogg.
1020 1444 1049 1496 ὲ
1081 1447 1235 1512 Ifige—

333 1519 436 1569 nia..
476 1547 537 1555 —
566 1520 704 1568 hunc
723 1527 969 1584 propter.-
1010 1539 1033 1564 α
1059 1536 1235 1584 presso

335 1591 409 1639 lui
452 1609 475 1632 ι»
516 1586 630 1640 οἱοὲ
666 1605 841 1656 presso
864 1591 1235 1654 Agamennone

335 1668 517 1712 stanno
552 1661 571 1709 i
606 1661 854 1712 sacerdoti
894 1661 987 1711 che
1024 1677 1237 1712 cercano

338 1733 650 1782 nascondere
688 1741 821 1782 sotto
850 1732 899 1782 Ie
924 1734 1051 1784 vesti
1076 1733 1113 1781 il
1138 1734 1239 1784 fer-

339 1819 411 1863 10,
450 1805 585 1855 onde
621 1802 776 1854 dovra
812 1804 977 1869 perire
1026 1804 1076 1854 la
1130 1821 1237 1855 ver-

340 1890 475 1938 gine.

409 1959 493 2007 91.
532 1953 738 2010 aspectu
774 1963 893 1995 suo.-
944 1966 967 1990 e
1009 1947 1110 1996 alla
1147 1963 1239 1996 sua

340 2017 467 2066 vista
491 2036 533 2067 ι.
556 2018 661 2066 Suo
686 2014 715 2066 ὲ
734 2018 929 2068 riferito
954 2033 1156 2084 sempr-e
1173 2021 1239 2068 ad

341 2087 571 2153 Ifigenia,
598 2088 649 2137 la
675 2090 827 2155 quale
852 2091 891 2139 s’
907 2105 1119 2155 accorge
1144 2090 1239 2141 che

336 2178 364 2209 a
393 2160 703 2227 riguardarla
729 2162 769 2211 il
806 2161 996 2226 popolo
1033 2162 1235 2227 piange.

409 2244 494 2292 92.
550 2240 694 2281 muta
754 2240 914 2282 metu:
975 2233 1248 2293 Lucrezi0,·

339 2319 485 2353 come
522 2304 693 2354 Ennio
722 2320 837 2353 ama
861 2304 1034 2353 siffatti
1072 2319 1237 2353 racco-

336 2375 572 2424 stamenti
611 2374 665 2423 di
723 2375 899 2441 parole
954 2374 1097 2425 affini
1152 2375 1240 2425 nel

336 2462 515 2498 suono,
557 2472 619 2481 -
660 2454 855 2495 terram
875 2481 887 2494 .
911 2482 923 2495 .
947 2485 957 2496 .
1008 2449 1239 2511 petebat:

344 2537 365 2560 e
407 2517 451 2566 si
487 2524 746 2582 prostrava
782 2534 813 2565 a
851 2524 983 2567 terra
1025 2535 1067 2565 ι.

408 2600 493 2651 93.
532 2589 590 2636 in
635 2589 733 2637 tali
777 2596 1027 2652 tempore:
1077 2588 1238 2639 anche

338 2659 479 2708 nella
512 2675 663 2724 prosa
699 2659 907 2709 classica
944 2660 988 2709 si
1018 2660 1239 2725 adopera

334 2730 366 2778 1’
383 2731 458 2789 in,
497 2730 705 2795 quando
741 2738 938 2795 tempus
980 2726 1009 2779 ὲ
1047 2731 1135 2779 nel
1172 2731 1237 2780 si-

334 2800 579 2865 gnificato
614 2800 668 2849 di
723 2821 744 2843 e
787 2801 1087 2865 condizioni,
1140 2802 1236 2851 cir-

334 2878 568 2921 costanze
609 2891 633 2915 2
688 2870 816 2937 (Cic.
867 2873 1037 2923 Flacc.
1084 2886 1131 2936 3,
1172 2872 1237 2935 63

342 2944 519 3005 Quint.
563 2957 605 3003 1,
650 2942 718 3007 1).

408 3028 493 3076 94.
521 3016 701 3079 patrio
727 3015 929 3063 nomine
964 3037 1035 3057 =
1062 3017 1239 3080 patris

336 3088 555 3135 nomine.
588 3112 655 3121 —
686 3086 933 3150 princeps
975 3106 998 3130 e
1029 3087 1237 3152 primic-

338 3173 392 3205 ra
435 3174 477 3206 κ.
518 3157 619 3206 Era
652 3156 1009 3222 primogenita.

410 3241 495 3293 95.
532 3230 735 3277 sublata
770 3225 945 3277 viric‘m
973 3228 1237 3277 manibus:

342 3318 367 3343 α
392 3298 635 3349 sollevata
659 3316 689 3348 a
713 3298 911 3348 braccia
947 3300 993 3348 d'
1013 3313 1167 3348 uomo
1191 3317 1236 3349 ι.

339 3373 401 3420 In
421 3377 601 3436 questa
621 3386 649 3420 e
674 3369 811 3419 nella
835 3377 1081 3433 seguente
1105 3370 1239 3421 frase

336 3443 435 3503 (ad
459 3458 582 3491 aras
621 3439 859 3506 deducta)
884 3440 927 3489 si
964 3457 1185 3491 accenna
1208 3457 1240 3490 a

338 3513 433 3561 rito
470 3513 564 3563 che
601 3509 630 3561 ὲ
656 3529 753 3577 pur
778 3527 999 3563 comune
1024 3511 1126 3561 alla
1155 3528 1238 3563 oe-

340 3584 557 3633 rimonia
592 3584 791 3635 nuziale
817 3582 891 3650 (la
916 3598 1035 3633 cosa
1058 3580 1087 3631 ὲ
1112 3590 1241 3633 stata

338 3662 508 3705 notata
547 3672 638 3721 per
686 3656 737 3705 la
790 3656 924 3707 frase
976 3662 1235 3719 seguente,

1345 1465 1450 1499 non
1489 1446 1615 1514 pero
1654 1466 1746 1514 per
1782 1443 2002 1515 questa).
2047 1449 2093 1498 Il
2131 1464 2252 1498 con-

1347 1527 1500 1570 trasto
1539 1516 1568 1568 ὲ
1606 1538 1635 1570 a
1678 1521 1816 1571 bella
1865 1527 2012 1586 posta
2060 1521 2250 1581 volut0,

1346 1608 1492 1642 come
1517 1599 1774 1642 mostrano
1801 1594 1818 1641 i
1844 1593 1974 1642 versi
2001 1592 2248 1654 seguenti.

1346 1663 1554 1726 Quanto
1591 1663 1640 1712 al
1677 1665 1776 1712 rito
1813 1663 1949 1713 della
1979 1679 2128 1728 sposa
2153 1669 2252 1712 tra-

1344 1735 1540 1784 scinata
1576 1751 1606 1784 a
1642 1735 1754 1784 viva
1792 1736 1929 1784 forza
1982 1735 2082 1782 alla
2138 1749 2254 1783 casa

1344 1805 1432 1855 del
1470 1805 1642 1855 futuro
1699 1814 1932 1856 consorte
1983 1805 2074 1854 cfr.
2115 1805 2249 1854 Plut.

1344 1878 1486 1926 Rom.
1534 1886 1611 1940 15,
1665 1877 1758 1938 Qu.
1811 1879 1956 1926 Rom.
2007 1888 2104 1938 29;
2156 1875 2251 1926 Ca-

1347 1947 1478 1996 tullo
1516 1947 1598 2008 61,
1647 1947 1770 2008 166;
1810 1948 2022 1997 Lucano
2059 1948 2249 1997 Phars.

1344 2019 1411 2078 ΙΙ,
1451 2017 1586 2083 358;
1625 2019 1800 2070 Servio
1832 2020 1907 2067 ad
1927 2021 2055 2067 Aen.
2089 2017 2136 2076 8,
2165 2031 2250 2080 29.

1417 2101 1501 2152 97.
1567 2090 1708 2140 claro
1770 2091 2008 2140 comitari
2062 2090 2251 2154 Hyme-

1346 2178 1504 2211 naeo.-
1535 2161 1586 2211 Ia
1609 2178 1801 2227 pompa
1825 2162 2027 2212 nuziale
2052 2176 2250 2211 accom-

1345 2248 1578 2297 pagnava
1615 2232 1666 2282 la
1702 2248 1866 2298 sposa,
1896 2248 2002 2282 non
2027 2233 2251 2283 ristando

1348 2303 1433 2352 dal
1470 2304 1830 2367 motteggiarla
1853 2320 1952 2353 con
1977 2305 1994 2353 i
2020 2305 2152 2353 versi
2177 2303 2249 2354 fe-

1346 2376 1579 2424 scennini
1624 2375 1836 2440 (Nonio,
1896 2388 2024 2438 330;
2081 2376 2250 2437 Fest0‚

1349 2444 1492 2510 243).
1533 2446 1579 2495 Il
1612 2448 1754 2495 claro
1799 2447 1950 2497 credo
1999 2448 2075 2495 sia
2123 2447 2250 2496 allu-

1345 2518 1491 2567 sione
1527 2516 1576 2565 al
1613 2523 1844 2567 costume
1892 2520 2058 2567 antico
2109 2518 2244 2568 delle

1346 2604 1515 2651 noae,
1572 2588 1666 2638 che
1720 2588 1764 2637 si
1821 2588 2153 2639 celebravano
2196 2590 2249 2638 di

1346 2666 1489 2709 notte
1525 2673 1624 2708 con
1649 2661 1840 2723 grande
1866 2658 2249 2711 illuminazione

1346 2730 1399 2779 di
1436 2729 1644 2780 fiaccole
1663 2730 1880 2791 (Servio,
1901 2732 1976 2779 ad
1989 2732 2074 2779 ecl.
2102 2731 2246 2792 VIII,

1348 2799 1455 2866 29).
1485 2828 1550 2837 —
1584 2802 1836 2853 Comitari
1863 2798 1891 2850 ὲ
1917 2802 2006 2867 qui
2030 2804 2248 2867 passivo.

1417 2870 1502 2934 98.
1543 2880 1682 2921 casta
1727 2874 1940 2922 inceste:
1999 2893 2024 2917 e
2082 2881 2250 2939 turpe-

1346 2951 1518 2994 mente
1579 2950 1716 2993 casta
1777 2962 1818 2993 ι.
1882 2946 2245 3009 Turpemente‚

1345 3013 1530 3080 perche
1581 3014 1631 3063 la
1680 3014 1859 3065 castita⁴
1907 3011 1936 3063 ὲ
1980 3024 2250 3080 procurata

1344 3085 1428 3137 col
1466 3085 1648 3135 delitto
1684 3086 1820 3135 della
1869 3086 2141 3137 uccisione.
2181 3115 2247 3124 —

1344 3158 1575 3207 nubendi
1607 3164 1827 3221 tempore
1851 3158 1909 3206 in
1933 3160 2044 3222 ipso
2073 3179 2095 3202 α
2130 3175 2247 3225 pro-

1344 3228 1457 3294 prio
1495 3230 1700 3293 quando
1738 3229 1949 3279 eredeva
1982 3229 2035 3279 di
2063 3231 2250 3279 andare

1345 3314 1496 3365 sposa
1537 3317 1580 3348 ι.

1417 3382 1502 3431 99.
1527 3378 1754 3420 mactatu
1772 3379 1962 3419 maesta
1974 3372 2214 3436 parentis
2231 3388 2248 3419 .·

1344 3440 1397 3491 la
1432 3441 1665 3505 maggior
1699 3440 1914 3506 cagione
1945 3442 1998 3491 di
2025 3442 2250 3492 tristezza

1345 3530 1435 3578 per
1461 3512 1530 3561 lei
1553 3509 1583 3561 ὲ
1606 3512 1700 3562 che
1726 3513 1763 3561 il
1789 3512 2030 3562 sacrifizio
2055 3508 2084 3559 ὲ
2109 3528 2248 3561 eom-

1336 3580 1492 3649 'piuto
1529 3584 1614 3633 dal
1649 3584 1819 3649 padre.
1847 3584 1998 3633 Nella
2026 3584 2244 3648 Jfigenia

1344 3657 1403 3705 in
1444 3655 1633 3707 Aulide
1668 3655 1723 3704 di
1761 3655 2006 3720 Euripide
2041 3653 2093 3703 la
2137 3653 2242 3703 fan·
