<?xml version="1.0" encoding="UTF-8"?>
<!DOCTYPE html PUBLIC "-//W3C//DTD XHTML 1.0 Transitional//EN"
    "http://www.w3.org/TR/xhtml1/DTD/xhtml1-transitional.dtd">
<html xmlns="http://www.w3.org/1999/xhtml" xml:lang="en" lang="en">
 <head>
  <title>
</title>
<meta http-equiv="Content-Type" content="text/html;charset=utf-8" />
  <meta name='ocr-system' content='tesseract 3.04.00' />
  <meta name='ocr-capabilities' content='ocr_page ocr_carea ocr_par ocr_line ocrx_word'/>
</head>
<body>
  <div class='ocr_page' id='page_1' title='image "./tlucreticarider05unkngoog_0189.png"; bbox 0 0 2917 4275; ppageno 0'>
   <div class='ocr_carea' id='block_1_1' title="bbox 952 323 1636 372">
    <p class='ocr_par' dir='ltr' id='par_1_1' title="bbox 952 323 1636 372">
     <span class='ocr_line' id='line_1_1' title="bbox 952 323 1636 372; baseline 0.009 -6"><span class='ocrx_word' id='word_1_1' title='bbox 952 325 1035 366; x_wconf 74' lang='lat' dir='ltr'><strong>DE</strong></span> <span class='ocrx_word' id='word_1_2' title='bbox 1084 323 1304 368; x_wconf 82' lang='lat' dir='ltr'>RERUM</span> <span class='ocrx_word' id='word_1_3' title='bbox 1351 325 1636 372; x_wconf 79' lang='lat' dir='ltr'>NATURA.</span> 
     </span>
    </p>
   </div>
   <div class='ocr_carea' id='block_1_2' title="bbox 2119 318 2237 386">
    <p class='ocr_par' dir='ltr' id='par_1_2' title="bbox 2119 318 2237 386">
     <span class='ocr_line' id='line_1_2' title="bbox 2119 318 2237 386; baseline -0.025 -17"><span class='ocrx_word' id='word_1_4' title='bbox 2119 318 2237 386; x_wconf 58' lang='lat' dir='ltr'><strong>rm]</strong></span> 
     </span>
    </p>
   </div>
   <div class='ocr_carea' id='block_1_3' title="bbox 328 449 1805 531">
    <p class='ocr_par' dir='ltr' id='par_1_3' title="bbox 328 449 1805 531">
     <span class='ocr_line' id='line_1_3' title="bbox 328 449 1805 531; baseline -0.003 -17"><span class='ocrx_word' id='word_1_5' title='bbox 328 473 408 514; x_wconf 86' lang='lat' dir='ltr'><strong>ne</strong></span> <span class='ocrx_word' id='word_1_6' title='bbox 453 452 653 531; x_wconf 87' lang='lat' dir='ltr'>possit,</span> <span class='ocrx_word' id='word_1_7' title='bbox 703 462 913 512; x_wconf 86' lang='lat' dir='ltr'><strong>natura</strong></span> <span class='ocrx_word' id='word_1_8' title='bbox 956 461 1139 524; x_wconf 85' lang='lat' dir='ltr'><strong>tenet,</strong></span> <span class='ocrx_word' id='word_1_9' title='bbox 1183 470 1336 527; x_wconf 87' lang='lat' dir='ltr'><strong>quae</strong></span> <span class='ocrx_word' id='word_1_10' title='bbox 1380 470 1598 529; x_wconf 89' lang='lat' dir='ltr'><strong>corpus</strong></span> <span class='ocrx_word' id='word_1_11' title='bbox 1642 449 1805 509; x_wconf 88' lang='lat' dir='ltr'><strong>inani</strong></span> 
     </span>
    </p>
   </div>
   <div class='ocr_carea' id='block_1_4' title="bbox 326 538 1836 618">
    <p class='ocr_par' dir='ltr' id='par_1_4' title="bbox 326 538 1836 618">
     <span class='ocr_line' id='line_1_4' title="bbox 326 538 1836 618; baseline -0.003 -15"><span class='ocrx_word' id='word_1_12' title='bbox 326 554 390 603; x_wconf 88' lang='lat' dir='ltr'><strong>et</strong></span> <span class='ocrx_word' id='word_1_13' title='bbox 434 543 596 618; x_wconf 89' lang='lat' dir='ltr'><strong>quod</strong></span> <span class='ocrx_word' id='word_1_14' title='bbox 643 540 819 602; x_wconf 89' lang='lat' dir='ltr'><strong>inane</strong></span> <span class='ocrx_word' id='word_1_15' title='bbox 864 550 1119 601; x_wconf 86' lang='lat' dir='ltr'><strong>autemst</strong></span> <span class='ocrx_word' id='word_1_16' title='bbox 1164 539 1317 599; x_wconf 88' lang='lat' dir='ltr'><strong>finiri</strong></span> <span class='ocrx_word' id='word_1_17' title='bbox 1363 559 1613 616; x_wconf 87' lang='lat' dir='ltr'><strong>corpore</strong></span> <span class='ocrx_word' id='word_1_18' title='bbox 1659 538 1836 618; x_wconf 89' lang='lat' dir='ltr'>cogit,</span> 
     </span>
    </p>
   </div>
   <div class='ocr_carea' id='block_1_5' title="bbox 2075 560 2237 600">
    <p class='ocr_par' dir='ltr' id='par_1_5' title="bbox 2075 560 2237 600">
     <span class='ocr_line' id='line_1_5' title="bbox 2075 560 2237 600; baseline -0.006 -1"><span class='ocrx_word' id='word_1_19' title='bbox 2075 560 2237 600; x_wconf 72' lang='lat'>1010</span> 
     </span>
    </p>
   </div>
   <div class='ocr_carea' id='block_1_6' title="bbox 320 628 2140 886">
    <p class='ocr_par' dir='ltr' id='par_1_6' title="bbox 320 628 2140 886">
     <span class='ocr_line' id='line_1_6' title="bbox 329 628 1606 703; baseline -0.001 -13"><span class='ocrx_word' id='word_1_20' title='bbox 329 642 395 691; x_wconf 89' lang='lat' dir='ltr'><strong>ut</strong></span> <span class='ocrx_word' id='word_1_21' title='bbox 440 630 524 690; x_wconf 90' lang='lat' dir='ltr'><strong>sic</strong></span> <span class='ocrx_word' id='word_1_22' title='bbox 570 629 811 690; x_wconf 85' lang='lat' dir='ltr'>alternis</span> <span class='ocrx_word' id='word_1_23' title='bbox 856 629 1084 689; x_wconf 88' lang='lat' dir='ltr'><strong>infinita</strong></span> <span class='ocrx_word' id='word_1_24' title='bbox 1130 628 1331 688; x_wconf 89' lang='lat' dir='ltr'><strong>omnia</strong></span> <span class='ocrx_word' id='word_1_25' title='bbox 1374 631 1606 703; x_wconf 86' lang='lat' dir='ltr'><strong>reddat,</strong></span> 
     </span>
     <span class='ocr_line' id='line_1_7' title="bbox 320 717 2140 796; baseline -0.002 -17"><span class='ocrx_word' id='word_1_26' title='bbox 320 730 430 779; x_wconf 83' lang='lat' dir='ltr'><strong>aut</strong></span> <span class='ocrx_word' id='word_1_27' title='bbox 475 719 651 779; x_wconf 88' lang='lat' dir='ltr'><strong>etiam</strong></span> <span class='ocrx_word' id='word_1_28' title='bbox 698 722 1061 792; x_wconf 85' lang='lat' dir='ltr'><strong>alterutrum,</strong></span> <span class='ocrx_word' id='word_1_29' title='bbox 1114 718 1227 778; x_wconf 89' lang='lat' dir='ltr'><strong>nisi</strong></span> <span class='ocrx_word' id='word_1_30' title='bbox 1273 717 1549 778; x_wconf 87' lang='lat' dir='ltr'><strong>terminet</strong></span> <span class='ocrx_word' id='word_1_31' title='bbox 1594 721 1865 796; x_wconf 85' lang='lat' dir='ltr'><strong>alterum,</strong></span> <span class='ocrx_word' id='word_1_32' title='bbox 1914 735 2140 791; x_wconf 87' lang='lat' dir='ltr'><strong>eorum,</strong></span> 
     </span>
     <span class='ocr_line' id='line_1_8' title="bbox 323 807 1838 886; baseline -0.001 -18"><span class='ocrx_word' id='word_1_33' title='bbox 323 808 595 886; x_wconf 85' lang='lat' dir='ltr'><strong>simplice</strong></span> <span class='ocrx_word' id='word_1_34' title='bbox 640 819 851 868; x_wconf 85' lang='lat' dir='ltr'><strong>natura</strong></span> <span class='ocrx_word' id='word_1_35' title='bbox 893 818 1092 886; x_wconf 86' lang='lat' dir='ltr'><strong>pateat</strong></span> <span class='ocrx_word' id='word_1_36' title='bbox 1136 817 1336 867; x_wconf 88' lang='lat' dir='ltr'><strong>tamen</strong></span> <span class='ocrx_word' id='word_1_37' title='bbox 1380 807 1838 880; x_wconf 86' lang='lat' dir='ltr'><strong>inmoderatum,</strong></span> 
     </span>
    </p>
   </div>
   <div class='ocr_carea' id='block_1_7' title="bbox 328 984 1977 1062">
    <p class='ocr_par' dir='ltr' id='par_1_7' title="bbox 328 984 1977 1062">
     <span class='ocr_line' id='line_1_9' title="bbox 328 984 1977 1062; baseline -0.002 -17"><span class='ocrx_word' id='word_1_38' title='bbox 328 1005 442 1046; x_wconf 88' lang='lat' dir='ltr'><strong>nec</strong></span> <span class='ocrx_word' id='word_1_39' title='bbox 488 1006 649 1045; x_wconf 82' lang='lat' dir='ltr'><strong>mare</strong></span> <span class='ocrx_word' id='word_1_40' title='bbox 694 1005 806 1047; x_wconf 89' lang='lat' dir='ltr'><strong>nec</strong></span> <span class='ocrx_word' id='word_1_41' title='bbox 849 987 1027 1045; x_wconf 88' lang='lat' dir='ltr'><strong>tellus</strong></span> <span class='ocrx_word' id='word_1_42' title='bbox 1070 1004 1265 1062; x_wconf 88' lang='lat' dir='ltr'><strong>neque</strong></span> <span class='ocrx_word' id='word_1_43' title='bbox 1312 985 1461 1046; x_wconf 83' lang='lat' dir='ltr'><strong>caeli</strong></span> <span class='ocrx_word' id='word_1_44' title='bbox 1505 984 1703 1046; x_wconf 89' lang='lat' dir='ltr'><strong>lucida</strong></span> <span class='ocrx_word' id='word_1_45' title='bbox 1752 985 1977 1062; x_wconf 89' lang='lat' dir='ltr'><strong>templa</strong></span> 
     </span>
    </p>
   </div>
   <div class='ocr_carea' id='block_1_8' title="bbox 240 1073 1922 1157">
    <p class='ocr_par' dir='ltr' id='par_1_8' title="bbox 240 1073 1922 1157">
     <span class='ocr_line' id='line_1_10' title="bbox 240 1073 1922 1157; baseline -0.001 -23"><span class='ocrx_word' id='word_1_46' title='bbox 240 1154 243 1157; x_wconf 10' lang='grc' dir='ltr'><strong>Α</strong></span> <span class='ocrx_word' id='word_1_47' title='bbox 327 1093 443 1134; x_wconf 88' lang='lat' dir='ltr'><strong>nec</strong></span> <span class='ocrx_word' id='word_1_48' title='bbox 487 1077 735 1136; x_wconf 87' lang='lat' dir='ltr'><strong>mortale</strong></span> <span class='ocrx_word' id='word_1_49' title='bbox 779 1094 967 1152; x_wconf 89' lang='lat' dir='ltr'><strong>genus</strong></span> <span class='ocrx_word' id='word_1_50' title='bbox 1013 1094 1125 1134; x_wconf 86' lang='lat' dir='ltr'><strong>nec</strong></span> <span class='ocrx_word' id='word_1_51' title='bbox 1171 1073 1378 1133; x_wconf 89' lang='lat' dir='ltr'><strong>divum</strong></span> <span class='ocrx_word' id='word_1_52' title='bbox 1424 1093 1675 1152; x_wconf 89' lang='lat' dir='ltr'><strong>corpora</strong></span> <span class='ocrx_word' id='word_1_53' title='bbox 1718 1083 1922 1134; x_wconf 88' lang='lat' dir='ltr'><strong>sancta</strong></span> 
     </span>
    </p>
   </div>
   <div class='ocr_carea' id='block_1_9' title="bbox 2071 1092 2233 1150">
    <p class='ocr_par' dir='ltr' id='par_1_9' title="bbox 2071 1092 2233 1150">
     <span class='ocr_line' id='line_1_11' title="bbox 2071 1092 2233 1150; baseline 0.006 -18"><span class='ocrx_word' id='word_1_54' title='bbox 2071 1092 2233 1150; x_wconf 76' lang='lat'>1015</span> 
     </span>
    </p>
   </div>
   <div class='ocr_carea' id='block_1_10' title="bbox 321 1161 1674 1242">
    <p class='ocr_par' dir='ltr' id='par_1_10' title="bbox 321 1161 1674 1242">
     <span class='ocr_line' id='line_1_12' title="bbox 321 1161 1674 1242; baseline -0.001 -18"><span class='ocrx_word' id='word_1_55' title='bbox 321 1161 605 1241; x_wconf 83' lang='lat' dir='ltr'><strong>exiguum</strong></span> <span class='ocrx_word' id='word_1_56' title='bbox 648 1174 894 1242; x_wconf 88' lang='lat' dir='ltr'><strong>possent</strong></span> <span class='ocrx_word' id='word_1_57' title='bbox 938 1163 1107 1223; x_wconf 90' lang='lat' dir='ltr'><strong>horai</strong></span> <span class='ocrx_word' id='word_1_58' title='bbox 1151 1162 1355 1223; x_wconf 86' lang='lat' dir='ltr'><strong>sistere</strong></span> <span class='ocrx_word' id='word_1_59' title='bbox 1403 1173 1674 1242; x_wconf 87' lang='lat' dir='ltr'><strong>tempus:</strong></span> 
     </span>
    </p>
   </div>
   <div class='ocr_carea' id='block_1_11' title="bbox 318 1388 1232 3728">
    <p class='ocr_par' dir='ltr' id='par_1_11' title="bbox 318 1388 1232 2096">
     <span class='ocr_line' id='line_1_13' title="bbox 318 1388 1232 1458; baseline -0.002 -15"><span class='ocrx_word' id='word_1_60' title='bbox 318 1393 574 1443; x_wconf 74' lang='lat' dir='ltr'><strong>strazione</strong></span> <span class='ocrx_word' id='word_1_61' title='bbox 623 1388 652 1440; x_wconf 76' lang='grc' dir='ltr'>ὲ</span> <span class='ocrx_word' id='word_1_62' title='bbox 703 1392 886 1442; x_wconf 81' lang='lat' dir='ltr'><strong>diretta</strong></span> <span class='ocrx_word' id='word_1_63' title='bbox 934 1399 1112 1442; x_wconf 88' lang='lat' dir='ltr'><strong>contro</strong></span> <span class='ocrx_word' id='word_1_64' title='bbox 1157 1393 1232 1458; x_wconf 86' lang='lat' dir='ltr'><strong>gli</strong></span> 
     </span>
     <span class='ocr_line' id='line_1_14' title="bbox 323 1463 1230 1524; baseline -0.002 -10"><span class='ocrx_word' id='word_1_65' title='bbox 323 1463 502 1524; x_wconf 86' lang='lat' dir='ltr'><strong>Stoici,</strong></span> <span class='ocrx_word' id='word_1_66' title='bbox 522 1465 616 1514; x_wconf 90' lang='lat' dir='ltr'><strong>che</strong></span> <span class='ocrx_word' id='word_1_67' title='bbox 634 1469 1008 1513; x_wconf 87' lang='lat' dir='ltr'><strong>ammettevano</strong></span> <span class='ocrx_word' id='word_1_68' title='bbox 1028 1464 1065 1512; x_wconf 91' lang='lat' dir='ltr'><strong>il</strong></span> <span class='ocrx_word' id='word_1_69' title='bbox 1086 1479 1230 1513; x_wconf 87' lang='lat' dir='ltr'><strong>mon·</strong></span> 
     </span>
     <span class='ocr_line' id='line_1_15' title="bbox 321 1533 1231 1585; baseline -0.001 -1"><span class='ocrx_word' id='word_1_70' title='bbox 321 1537 393 1584; x_wconf 89' lang='lat' dir='ltr'><strong>do</strong></span> <span class='ocrx_word' id='word_1_71' title='bbox 418 1551 583 1585; x_wconf 89' lang='lat' dir='ltr'><strong>essere</strong></span> <span class='ocrx_word' id='word_1_72' title='bbox 610 1550 713 1583; x_wconf 90' lang='lat' dir='ltr'><strong>uno</strong></span> <span class='ocrx_word' id='word_1_73' title='bbox 744 1551 774 1584; x_wconf 87' lang='lat' dir='ltr'><strong>e</strong></span> <span class='ocrx_word' id='word_1_74' title='bbox 799 1533 945 1584; x_wconf 88' lang='lat' dir='ltr'><strong>finito</strong></span> <span class='ocrx_word' id='word_1_75' title='bbox 981 1536 1036 1583; x_wconf 90' lang='lat' dir='ltr'><strong>in</strong></span> <span class='ocrx_word' id='word_1_76' title='bbox 1062 1551 1231 1585; x_wconf 88' lang='lat' dir='ltr'><strong>mezzo</strong></span> 
     </span>
     <span class='ocr_line' id='line_1_16' title="bbox 325 1604 1227 1670; baseline 0.002 -16"><span class='ocrx_word' id='word_1_77' title='bbox 325 1606 377 1664; x_wconf 81' lang='lat' dir='ltr'><strong>al</strong></span> <span class='ocrx_word' id='word_1_78' title='bbox 437 1613 592 1655; x_wconf 86' lang='lat' dir='ltr'><strong>vuoto</strong></span> <span class='ocrx_word' id='word_1_79' title='bbox 653 1604 886 1657; x_wconf 87' lang='lat' dir='ltr'><strong>infinito:</strong></span> <span class='ocrx_word' id='word_1_80' title='bbox 950 1606 1103 1670; x_wconf 86' lang='lat' dir='ltr'><strong>Diog.</strong></span> <span class='ocrx_word' id='word_1_81' title='bbox 1166 1607 1227 1656; x_wconf 91' lang='lat' dir='ltr'><strong>L.</strong></span> 
     </span>
     <span class='ocr_line' id='line_1_17' title="bbox 325 1673 1231 1739; baseline 0.001 -14"><span class='ocrx_word' id='word_1_82' title='bbox 325 1677 443 1736; x_wconf 86' lang='lat' dir='ltr'>VII,</span> <span class='ocrx_word' id='word_1_83' title='bbox 486 1691 529 1736; x_wconf 89' lang='lat'><strong>1,</strong></span> <span class='ocrx_word' id='word_1_84' title='bbox 574 1689 707 1738; x_wconf 84' lang='lat'>140:</span> <span class='ocrx_word' id='word_1_85' title='bbox 759 1673 849 1726; x_wconf 82' lang='grc' dir='ltr'><strong>ἕνα</strong></span> <span class='ocrx_word' id='word_1_86' title='bbox 897 1677 986 1726; x_wconf 84' lang='grc' dir='ltr'><strong>τὸν</strong></span> <span class='ocrx_word' id='word_1_87' title='bbox 1027 1675 1231 1739; x_wconf 85' lang='grc' dir='ltr'><strong><em>κόσμον</em></strong></span> 
     </span>
     <span class='ocr_line' id='line_1_18' title="bbox 321 1743 1226 1812; baseline 0 -15"><span class='ocrx_word' id='word_1_88' title='bbox 321 1743 454 1798; x_wconf 78' lang='grc' dir='ltr'><strong><em>εἶναι</em></strong></span> <span class='ocrx_word' id='word_1_89' title='bbox 478 1743 571 1796; x_wconf 83' lang='grc' dir='ltr'><strong>καὶ</strong></span> <span class='ocrx_word' id='word_1_90' title='bbox 603 1750 785 1796; x_wconf 82' lang='grc' dir='ltr'><strong><em>τοῦτον</em></strong></span> <span class='ocrx_word' id='word_1_91' title='bbox 820 1745 1226 1812; x_wconf 81' lang='grc' dir='ltr'><strong><em>πεπερασμένον,</em></strong></span> 
     </span>
     <span class='ocr_line' id='line_1_19' title="bbox 322 1815 1226 1884; baseline 0.002 -16"><span class='ocrx_word' id='word_1_92' title='bbox 322 1823 503 1884; x_wconf 88' lang='grc' dir='ltr'><em>σχῆμα</em></span> <span class='ocrx_word' id='word_1_93' title='bbox 553 1815 738 1882; x_wconf 80' lang='grc' dir='ltr'><strong><em>ἔχοντα</em></strong></span> <span class='ocrx_word' id='word_1_94' title='bbox 790 1816 1122 1882; x_wconf 81' lang='grc' dir='ltr'><strong><em>σφαιροειδές</em></strong></span> <span class='ocrx_word' id='word_1_95' title='bbox 1145 1857 1157 1869; x_wconf 94' lang='grc'><strong>.</strong></span> <span class='ocrx_word' id='word_1_96' title='bbox 1180 1856 1192 1870; x_wconf 88' lang='grc'><strong>.</strong></span> <span class='ocrx_word' id='word_1_97' title='bbox 1213 1855 1226 1869; x_wconf 92' lang='grc'><strong>.</strong></span> 
     </span>
     <span class='ocr_line' id='line_1_20' title="bbox 320 1885 1229 1954; baseline 0 -14"><span class='ocrx_word' id='word_1_98' title='bbox 320 1887 529 1949; x_wconf 76' lang='grc' dir='ltr'><strong><em>ἔξωθεν</em></strong></span> <span class='ocrx_word' id='word_1_99' title='bbox 555 1887 607 1938; x_wconf 78' lang='grc' dir='ltr'><strong>δ’</strong></span> <span class='ocrx_word' id='word_1_100' title='bbox 632 1885 794 1940; x_wconf 79' lang='grc' dir='ltr'><strong><em>αὐτοῦ</em></strong></span> <span class='ocrx_word' id='word_1_101' title='bbox 818 1887 1229 1954; x_wconf 79' lang='grc' dir='ltr'><strong><em>περικεχυμένον</em></strong></span> 
     </span>
     <span class='ocr_line' id='line_1_21' title="bbox 319 1956 1227 2026; baseline -0.001 -15"><span class='ocrx_word' id='word_1_102' title='bbox 319 1957 452 2011; x_wconf 75' lang='grc' dir='ltr'><strong><em>εἶναι</em></strong></span> <span class='ocrx_word' id='word_1_103' title='bbox 501 1956 561 2010; x_wconf 78' lang='grc' dir='ltr'><strong>τὸ</strong></span> <span class='ocrx_word' id='word_1_104' title='bbox 609 1957 767 2010; x_wconf 84' lang='grc' dir='ltr'><strong><em>κενὸν</em></strong></span> <span class='ocrx_word' id='word_1_105' title='bbox 814 1957 1045 2026; x_wconf 83' lang='grc' dir='ltr'><strong><em>ἄπειρον,</em></strong></span> <span class='ocrx_word' id='word_1_106' title='bbox 1099 1960 1227 2026; x_wconf 78' lang='grc' dir='ltr'><strong><em>ὅπερ</em></strong></span> 
     </span>
     <span class='ocr_line' id='line_1_22' title="bbox 320 2027 785 2096; baseline 0 -14"><span class='ocrx_word' id='word_1_107' title='bbox 320 2028 605 2096; x_wconf 78' lang='grc' dir='ltr'><strong><em>ἀσώματον</em></strong></span> <span class='ocrx_word' id='word_1_108' title='bbox 639 2027 785 2082; x_wconf 85' lang='grc' dir='ltr'><strong><em>εἶναι.</em></strong></span> 
     </span>
    </p>

    <p class='ocr_par' dir='ltr' id='par_1_12' title="bbox 321 2103 1227 2451">
     <span class='ocr_line' id='line_1_23' title="bbox 403 2103 1227 2167; baseline -0.001 -12"><span class='ocrx_word' id='word_1_109' title='bbox 403 2103 720 2167; x_wconf 86' lang='grc'>1008-1009.</span> <span class='ocrx_word' id='word_1_110' title='bbox 760 2110 958 2154; x_wconf 80' lang='lat' dir='ltr'><strong>natura</strong></span> <span class='ocrx_word' id='word_1_111' title='bbox 994 2110 1131 2153; x_wconf 80' lang='lat' dir='ltr'><strong>tenet</strong></span> <span class='ocrx_word' id='word_1_112' title='bbox 1164 2119 1227 2154; x_wconf 84' lang='lat' dir='ltr'><strong>ne</strong></span> 
     </span>
     <span class='ocr_line' id='line_1_24' title="bbox 321 2177 1223 2240; baseline -0.001 -15"><span class='ocrx_word' id='word_1_113' title='bbox 321 2193 527 2225; x_wconf 81' lang='lat' dir='ltr'><strong>summa</strong></span> <span class='ocrx_word' id='word_1_114' title='bbox 563 2192 742 2225; x_wconf 84' lang='lat' dir='ltr'><strong>rerum</strong></span> <span class='ocrx_word' id='word_1_115' title='bbox 774 2177 948 2240; x_wconf 86' lang='lat' dir='ltr'><strong>possit</strong></span> <span class='ocrx_word' id='word_1_116' title='bbox 979 2177 1077 2224; x_wconf 79' lang='lat' dir='ltr'><strong>sibi</strong></span> <span class='ocrx_word' id='word_1_117' title='bbox 1122 2191 1223 2224; x_wconf 85' lang='lat' dir='ltr'><strong>mo·</strong></span> 
     </span>
     <span class='ocr_line' id='line_1_25' title="bbox 325 2244 1227 2311; baseline 0 -16"><span class='ocrx_word' id='word_1_118' title='bbox 325 2249 448 2296; x_wconf 85' lang='lat' dir='ltr'><strong>dum</strong></span> <span class='ocrx_word' id='word_1_119' title='bbox 466 2254 680 2311; x_wconf 80' lang='lat' dir='ltr'><strong>parare.</strong></span> <span class='ocrx_word' id='word_1_120' title='bbox 709 2247 762 2295; x_wconf 87' lang='lat' dir='ltr'><strong><em>T</em></strong></span> <span class='ocrx_word' id='word_1_121' title='bbox 761 2244 876 2296; x_wconf 68' lang='lat' dir='ltr'><strong>en&#39;et</strong></span> <span class='ocrx_word' id='word_1_122' title='bbox 908 2263 1002 2296; x_wconf 81' lang='lat' dir='ltr'><strong>ne:</strong></span> <span class='ocrx_word' id='word_1_123' title='bbox 1032 2266 1055 2290; x_wconf 69' lang='grc' dir='ltr'>ι</span> <span class='ocrx_word' id='word_1_124' title='bbox 1087 2247 1227 2310; x_wconf 84' lang='lat' dir='ltr'><strong>esige</strong></span> 
     </span>
     <span class='ocr_line' id='line_1_26' title="bbox 323 2317 1222 2375; baseline 0 -8"><span class='ocrx_word' id='word_1_125' title='bbox 323 2317 419 2368; x_wconf 88' lang='lat' dir='ltr'><strong>che</strong></span> <span class='ocrx_word' id='word_1_126' title='bbox 455 2333 561 2367; x_wconf 88' lang='lat' dir='ltr'><strong>non</strong></span> <span class='ocrx_word' id='word_1_127' title='bbox 601 2331 656 2375; x_wconf 73' lang='grc' dir='ltr'><strong>»ς</strong></span> <span class='ocrx_word' id='word_1_128' title='bbox 694 2317 811 2366; x_wconf 85' lang='lat' dir='ltr'><strong>vedi</strong></span> <span class='ocrx_word' id='word_1_129' title='bbox 847 2317 898 2367; x_wconf 90' lang='lat' dir='ltr'><strong>la</strong></span> <span class='ocrx_word' id='word_1_130' title='bbox 934 2318 1037 2366; x_wconf 88' lang='lat' dir='ltr'><strong>mia</strong></span> <span class='ocrx_word' id='word_1_131' title='bbox 1062 2334 1222 2367; x_wconf 87' lang='lat' dir='ltr'><strong>anno-</strong></span> 
     </span>
     <span class='ocr_line' id='line_1_27' title="bbox 324 2387 1215 2451; baseline 0.002 -14"><span class='ocrx_word' id='word_1_132' title='bbox 324 2388 523 2437; x_wconf 85' lang='lat' dir='ltr'><strong>tazione</strong></span> <span class='ocrx_word' id='word_1_133' title='bbox 556 2404 586 2436; x_wconf 88' lang='lat' dir='ltr'><strong>a</strong></span> <span class='ocrx_word' id='word_1_134' title='bbox 622 2387 770 2436; x_wconf 86' lang='lat' dir='ltr'><strong>Livio</strong></span> <span class='ocrx_word' id='word_1_135' title='bbox 808 2389 999 2449; x_wconf 88' lang='lat' dir='ltr'>XXIV,</span> <span class='ocrx_word' id='word_1_136' title='bbox 1045 2402 1125 2449; x_wconf 86' lang='lat'><strong>19,</strong></span> <span class='ocrx_word' id='word_1_137' title='bbox 1166 2399 1215 2451; x_wconf 91' lang='lat'><strong>7.</strong></span> 
     </span>
    </p>

    <p class='ocr_par' dir='ltr' id='par_1_13' title="bbox 322 2458 1229 2652">
     <span class='ocr_line' id='line_1_28' title="bbox 404 2458 1225 2525; baseline 0.005 -18"><span class='ocrx_word' id='word_1_138' title='bbox 404 2471 649 2509; x_wconf 86' lang='lat'>1010-11.</span> <span class='ocrx_word' id='word_1_139' title='bbox 685 2458 837 2514; x_wconf 75' lang='lat' dir='ltr'><strong>finiri</strong></span> <span class='ocrx_word' id='word_1_140' title='bbox 882 2468 1091 2525; x_wconf 79' lang='lat' dir='ltr'><strong>corpore</strong></span> <span class='ocrx_word' id='word_1_141' title='bbox 1112 2478 1132 2511; x_wconf 89' lang='grc'><strong>.·</strong></span> <span class='ocrx_word' id='word_1_142' title='bbox 1180 2476 1225 2511; x_wconf 88' lang='lat' dir='ltr'><strong>v.</strong></span> 
     </span>
     <span class='ocr_line' id='line_1_29' title="bbox 322 2530 1229 2594; baseline 0.002 -17"><span class='ocrx_word' id='word_1_143' title='bbox 322 2545 404 2579; x_wconf 81' lang='lat' dir='ltr'><strong>vv.</strong></span> <span class='ocrx_word' id='word_1_144' title='bbox 446 2538 695 2594; x_wconf 81' lang='lat'><strong>524-525.</strong></span> <span class='ocrx_word' id='word_1_145' title='bbox 747 2556 810 2565; x_wconf 93' lang='lat'><strong>—</strong></span> <span class='ocrx_word' id='word_1_146' title='bbox 860 2530 1093 2589; x_wconf 74' lang='lat' dir='ltr'><strong>alternis,</strong></span> <span class='ocrx_word' id='word_1_147' title='bbox 1142 2547 1229 2580; x_wconf 86' lang='lat' dir='ltr'><strong>av-</strong></span> 
     </span>
     <span class='ocr_line' id='line_1_30' title="bbox 323 2602 1114 2652; baseline -0.003 -3"><span class='ocrx_word' id='word_1_148' title='bbox 323 2602 516 2652; x_wconf 79' lang='lat' dir='ltr'><strong>verbio.</strong></span> <span class='ocrx_word' id='word_1_149' title='bbox 1113 2644 1114 2647; x_wconf 76' lang='grc'>,</span> 
     </span>
    </p>

    <p class='ocr_par' dir='ltr' id='par_1_14' title="bbox 318 2672 1226 3448">
     <span class='ocr_line' id='line_1_31' title="bbox 402 2672 1226 2738; baseline 0.002 -17"><span class='ocrx_word' id='word_1_150' title='bbox 402 2685 553 2722; x_wconf 87' lang='lat'><em>1012.</em></span> <span class='ocrx_word' id='word_1_151' title='bbox 616 2673 734 2723; x_wconf 87' lang='lat' dir='ltr'><strong>Una</strong></span> <span class='ocrx_word' id='word_1_152' title='bbox 794 2672 1035 2738; x_wconf 87' lang='lat' dir='ltr'><strong>qualsiasi</strong></span> <span class='ocrx_word' id='word_1_153' title='bbox 1089 2672 1226 2723; x_wconf 88' lang='lat' dir='ltr'><strong>delle</strong></span> 
     </span>
     <span class='ocr_line' id='line_1_32' title="bbox 322 2743 1224 2803; baseline 0 -11"><span class='ocrx_word' id='word_1_154' title='bbox 322 2743 425 2793; x_wconf 89' lang='lat' dir='ltr'><strong>due</strong></span> <span class='ocrx_word' id='word_1_155' title='bbox 480 2750 673 2803; x_wconf 81' lang='lat' dir='ltr'><strong>nature,</strong></span> <span class='ocrx_word' id='word_1_156' title='bbox 717 2751 872 2793; x_wconf 90' lang='lat' dir='ltr'><strong>vuoto</strong></span> <span class='ocrx_word' id='word_1_157' title='bbox 921 2759 950 2793; x_wconf 90' lang='lat' dir='ltr'><strong>e</strong></span> <span class='ocrx_word' id='word_1_158' title='bbox 998 2744 1224 2803; x_wconf 86' lang='lat' dir='ltr'><strong>materia,</strong></span> 
     </span>
     <span class='ocr_line' id='line_1_33' title="bbox 319 2812 1226 2875; baseline 0 -12"><span class='ocrx_word' id='word_1_159' title='bbox 319 2814 568 2864; x_wconf 85' lang='lat' dir='ltr'><strong>continua</strong></span> <span class='ocrx_word' id='word_1_160' title='bbox 614 2815 697 2864; x_wconf 87' lang='lat' dir='ltr'><strong>all’</strong></span> <span class='ocrx_word' id='word_1_161' title='bbox 714 2814 933 2875; x_wconf 87' lang='lat' dir='ltr'><strong>infinito,</strong></span> <span class='ocrx_word' id='word_1_162' title='bbox 990 2812 1226 2865; x_wconf 71' lang='lat' dir='ltr'><strong>salvoche</strong></span> 
     </span>
     <span class='ocr_line' id='line_1_34' title="bbox 321 2885 1225 2936; baseline 0.001 -2"><span class='ocrx_word' id='word_1_163' title='bbox 321 2885 488 2934; x_wconf 81' lang='lat' dir='ltr'><strong>l’altra</strong></span> <span class='ocrx_word' id='word_1_164' title='bbox 524 2903 629 2935; x_wconf 89' lang='lat' dir='ltr'><strong>non</strong></span> <span class='ocrx_word' id='word_1_165' title='bbox 666 2886 717 2934; x_wconf 90' lang='lat' dir='ltr'><strong>la</strong></span> <span class='ocrx_word' id='word_1_166' title='bbox 753 2886 921 2936; x_wconf 87' lang='lat' dir='ltr'><strong>limiti.</strong></span> <span class='ocrx_word' id='word_1_167' title='bbox 973 2912 1034 2921; x_wconf 92' lang='lat'><em>-</em></span> <span class='ocrx_word' id='word_1_168' title='bbox 1093 2888 1225 2936; x_wconf 76' lang='lat' dir='ltr'><strong>nisi.-</strong></span> 
     </span>
     <span class='ocr_line' id='line_1_35' title="bbox 319 2952 1226 3023; baseline 0 -17"><span class='ocrx_word' id='word_1_169' title='bbox 319 2957 366 3006; x_wconf 82' lang='lat' dir='ltr'><strong>si</strong></span> <span class='ocrx_word' id='word_1_170' title='bbox 404 2952 433 3004; x_wconf 76' lang='grc' dir='ltr'>ὲ</span> <span class='ocrx_word' id='word_1_171' title='bbox 470 2957 727 3022; x_wconf 87' lang='lat' dir='ltr'><strong>disputato</strong></span> <span class='ocrx_word' id='word_1_172' title='bbox 783 2973 838 3007; x_wconf 92' lang='lat' dir='ltr'><strong>se</strong></span> <span class='ocrx_word' id='word_1_173' title='bbox 884 2973 1036 3023; x_wconf 89' lang='lat' dir='ltr'><strong>possa</strong></span> <span class='ocrx_word' id='word_1_174' title='bbox 1085 2957 1226 3023; x_wconf 87' lang='lat' dir='ltr'><strong>equi·</strong></span> 
     </span>
     <span class='ocr_line' id='line_1_36' title="bbox 320 3026 1220 3095; baseline -0.001 -18"><span class='ocrx_word' id='word_1_175' title='bbox 320 3026 490 3079; x_wconf 83' lang='lat' dir='ltr'><strong>valere</strong></span> <span class='ocrx_word' id='word_1_176' title='bbox 533 3044 563 3077; x_wconf 87' lang='lat' dir='ltr'><strong>a</strong></span> <span class='ocrx_word' id='word_1_177' title='bbox 611 3030 660 3077; x_wconf 80' lang='lat' dir='ltr'><strong>si</strong></span> <span class='ocrx_word' id='word_1_178' title='bbox 711 3045 817 3078; x_wconf 82' lang='lat' dir='ltr'><strong>non</strong></span> <span class='ocrx_word' id='word_1_179' title='bbox 873 3029 940 3095; x_wconf 86' lang='lat' dir='ltr'><strong>(v.</strong></span> <span class='ocrx_word' id='word_1_180' title='bbox 980 3028 1220 3091; x_wconf 87' lang='lat' dir='ltr'><strong>Munro);</strong></span> 
     </span>
     <span class='ocr_line' id='line_1_37' title="bbox 320 3095 1226 3165; baseline 0 -17"><span class='ocrx_word' id='word_1_181' title='bbox 320 3115 405 3149; x_wconf 88' lang='lat' dir='ltr'><strong>ma</strong></span> <span class='ocrx_word' id='word_1_182' title='bbox 442 3100 550 3149; x_wconf 79' lang='lat' dir='ltr'><strong>nisi</strong></span> <span class='ocrx_word' id='word_1_183' title='bbox 585 3100 676 3165; x_wconf 88' lang='lat' dir='ltr'><strong>qui</strong></span> <span class='ocrx_word' id='word_1_184' title='bbox 713 3096 872 3165; x_wconf 39' lang='lat' dir='ltr'><strong>‹ie-per</strong></span> <span class='ocrx_word' id='word_1_185' title='bbox 925 3118 948 3142; x_wconf 70' lang='grc' dir='ltr'><strong><em>ο</em></strong></span> <span class='ocrx_word' id='word_1_186' title='bbox 988 3095 1226 3148; x_wconf 73' lang='lat' dir='ltr'><strong>salvoche</strong></span> 
     </span>
     <span class='ocr_line' id='line_1_38' title="bbox 318 3166 1223 3235; baseline -0.001 -15"><span class='ocrx_word' id='word_1_187' title='bbox 318 3185 426 3220; x_wconf 81' lang='lat' dir='ltr'><strong>non</strong></span> <span class='ocrx_word' id='word_1_188' title='bbox 463 3190 508 3230; x_wconf 73' lang='grc' dir='ltr'><strong>ι,</strong></span> <span class='ocrx_word' id='word_1_189' title='bbox 548 3188 577 3220; x_wconf 86' lang='lat' dir='ltr'><strong>e</strong></span> <span class='ocrx_word' id='word_1_190' title='bbox 602 3171 743 3220; x_wconf 77' lang='lat' dir='ltr'><strong>ruso</strong></span> <span class='ocrx_word' id='word_1_191' title='bbox 769 3166 798 3220; x_wconf 72' lang='lat' dir='ltr'><strong>e</strong></span> <span class='ocrx_word' id='word_1_192' title='bbox 822 3171 1102 3235; x_wconf 81' lang='lat' dir='ltr'><strong>legittim03</strong></span> <span class='ocrx_word' id='word_1_193' title='bbox 1132 3170 1223 3219; x_wconf 85' lang='lat' dir='ltr'><strong>cfr.</strong></span> 
     </span>
     <span class='ocr_line' id='line_1_39' title="bbox 320 3240 1226 3306; baseline -0.003 -13"><span class='ocrx_word' id='word_1_194' title='bbox 320 3242 445 3301; x_wconf 65' lang='lat' dir='ltr'><strong>Cic„</strong></span> <span class='ocrx_word' id='word_1_195' title='bbox 478 3242 591 3290; x_wconf 87' lang='lat' dir='ltr'><strong>Pro</strong></span> <span class='ocrx_word' id='word_1_196' title='bbox 616 3242 754 3300; x_wconf 70' lang='lat' dir='ltr'><strong>Ml„</strong></span> <span class='ocrx_word' id='word_1_197' title='bbox 782 3254 831 3306; x_wconf 87' lang='lat'><strong>3,</strong></span> <span class='ocrx_word' id='word_1_198' title='bbox 860 3240 891 3290; x_wconf 92' lang='lat'>8</span> <span class='ocrx_word' id='word_1_199' title='bbox 921 3261 944 3285; x_wconf 70' lang='grc' dir='ltr'>ι</span> <span class='ocrx_word' id='word_1_200' title='bbox 976 3241 1084 3291; x_wconf 80' lang='lat' dir='ltr'><strong>nisi</strong></span> <span class='ocrx_word' id='word_1_201' title='bbox 1104 3257 1226 3290; x_wconf 83' lang='lat' dir='ltr'><strong>vero</strong></span> 
     </span>
     <span class='ocr_line' id='line_1_40' title="bbox 319 3310 1225 3379; baseline 0 -19"><span class='ocrx_word' id='word_1_202' title='bbox 319 3314 624 3362; x_wconf 75' lang='lat' dir='ltr'><strong>existimatis</strong></span> <span class='ocrx_word' id='word_1_203' title='bbox 664 3315 940 3362; x_wconf 81' lang='lat' dir='ltr'><strong>dementem</strong></span> <span class='ocrx_word' id='word_1_204' title='bbox 969 3313 1033 3363; x_wconf 90' lang='lat' dir='ltr'><strong>P.</strong></span> <span class='ocrx_word' id='word_1_205' title='bbox 1074 3310 1225 3379; x_wconf 79' lang='lat' dir='ltr'><em>Afri-</em></span> 
     </span>
     <span class='ocr_line' id='line_1_41' title="bbox 322 3384 797 3448; baseline 0.011 -18"><span class='ocrx_word' id='word_1_206' title='bbox 322 3398 507 3432; x_wconf 82' lang='lat' dir='ltr'><strong>canum</strong></span> <span class='ocrx_word' id='word_1_207' title='bbox 526 3384 710 3448; x_wconf 80' lang='lat' dir='ltr'><strong>fuisse</strong></span> <span class='ocrx_word' id='word_1_208' title='bbox 753 3402 797 3436; x_wconf 67' lang='grc' dir='ltr'><strong>ι.</strong></span> 
     </span>
    </p>

    <p class='ocr_par' dir='ltr' id='par_1_15' title="bbox 318 3449 1228 3728">
     <span class='ocr_line' id='line_1_42' title="bbox 400 3449 1225 3520; baseline 0.002 -18"><span class='ocrx_word' id='word_1_209' title='bbox 400 3466 548 3518; x_wconf 89' lang='lat'>1013.</span> <span class='ocrx_word' id='word_1_210' title='bbox 569 3454 796 3520; x_wconf 79' lang='lat' dir='ltr'><strong>simplice</strong></span> <span class='ocrx_word' id='word_1_211' title='bbox 814 3461 1042 3504; x_wconf 79' lang='lat' dir='ltr'><strong>natura:</strong></span> <span class='ocrx_word' id='word_1_212' title='bbox 1070 3449 1097 3502; x_wconf 77' lang='grc' dir='ltr'>ὲ</span> <span class='ocrx_word' id='word_1_213' title='bbox 1122 3469 1225 3504; x_wconf 85' lang='lat' dir='ltr'><strong>una</strong></span> 
     </span>
     <span class='ocr_line' id='line_1_43' title="bbox 323 3522 1228 3576; baseline 0.004 -5"><span class='ocrx_word' id='word_1_214' title='bbox 323 3522 564 3575; x_wconf 80' lang='lat' dir='ltr'><strong>ulteriore</strong></span> <span class='ocrx_word' id='word_1_215' title='bbox 599 3525 971 3576; x_wconf 81' lang='lat' dir='ltr'><strong>dichiarazione</strong></span> <span class='ocrx_word' id='word_1_216' title='bbox 1010 3525 1098 3576; x_wconf 87' lang='lat' dir='ltr'><strong>del</strong></span> <span class='ocrx_word' id='word_1_217' title='bbox 1122 3527 1228 3575; x_wconf 80' lang='lat' dir='ltr'><strong>nisi</strong></span> 
     </span>
     <span class='ocr_line' id='line_1_44' title="bbox 318 3591 1225 3655; baseline 0.001 -12"><span class='ocrx_word' id='word_1_218' title='bbox 318 3596 563 3645; x_wconf 77' lang='lat' dir='ltr'><strong>terminet</strong></span> <span class='ocrx_word' id='word_1_219' title='bbox 586 3598 809 3647; x_wconf 84' lang='lat' dir='ltr'><strong>alterum</strong></span> <span class='ocrx_word' id='word_1_220' title='bbox 827 3614 854 3655; x_wconf 90' lang='lat'><strong>,·</strong></span> <span class='ocrx_word' id='word_1_221' title='bbox 889 3591 1029 3648; x_wconf 67' lang='lat' dir='ltr'><strong>cioe:</strong></span> <span class='ocrx_word' id='word_1_222' title='bbox 1058 3592 1225 3645; x_wconf 70' lang='lat' dir='ltr'><strong>finche</strong></span> 
     </span>
     <span class='ocr_line' id='line_1_45' title="bbox 318 3663 1225 3728; baseline 0.002 -14"><span class='ocrx_word' id='word_1_223' title='bbox 318 3671 402 3715; x_wconf 78' lang='lat' dir='ltr'><strong>sta</strong></span> <span class='ocrx_word' id='word_1_224' title='bbox 436 3665 502 3715; x_wconf 87' lang='lat' dir='ltr'><strong>da</strong></span> <span class='ocrx_word' id='word_1_225' title='bbox 535 3666 662 3728; x_wconf 83' lang='lat' dir='ltr'><strong>solo,</strong></span> <span class='ocrx_word' id='word_1_226' title='bbox 701 3663 867 3718; x_wconf 74' lang='lat' dir='ltr'><strong>finehe</strong></span> <span class='ocrx_word' id='word_1_227' title='bbox 903 3683 1010 3719; x_wconf 85' lang='lat' dir='ltr'><strong>non</strong></span> <span class='ocrx_word' id='word_1_228' title='bbox 1034 3663 1063 3717; x_wconf 76' lang='grc' dir='ltr'>ὲ</span> <span class='ocrx_word' id='word_1_229' title='bbox 1088 3666 1225 3717; x_wconf 87' lang='lat' dir='ltr'><strong>limi-</strong></span> 
     </span>
    </p>
   </div>
   <div class='ocr_carea' id='block_1_12' title="bbox 1332 1392 2309 3733">
    <p class='ocr_par' dir='ltr' id='par_1_16' title="bbox 1340 1392 2237 1513">
     <span class='ocr_line' id='line_1_46' title="bbox 1342 1392 2237 1442; baseline -0.003 -1"><span class='ocrx_word' id='word_1_230' title='bbox 1342 1399 1445 1442; x_wconf 88' lang='lat' dir='ltr'><strong>tato</strong></span> <span class='ocrx_word' id='word_1_231' title='bbox 1464 1392 1730 1442; x_wconf 83' lang='lat' dir='ltr'><strong>dall&#39;altro.</strong></span> <span class='ocrx_word' id='word_1_232' title='bbox 1759 1417 1820 1428; x_wconf 90' lang='grc'><strong>-</strong></span> <span class='ocrx_word' id='word_1_233' title='bbox 1849 1393 2237 1442; x_wconf 69' lang='lat' dir='ltr'><strong>immoderamm</strong></span> 
     </span>
     <span class='ocr_line' id='line_1_47' title="bbox 1340 1459 2237 1513; baseline -0.003 0"><span class='ocrx_word' id='word_1_234' title='bbox 1340 1483 1411 1503; x_wconf 92' lang='lat'><strong><em>=</em></strong></span> <span class='ocrx_word' id='word_1_235' title='bbox 1446 1466 1557 1513; x_wconf 83' lang='lat' dir='ltr'><strong>sine</strong></span> <span class='ocrx_word' id='word_1_236' title='bbox 1593 1464 1738 1513; x_wconf 84' lang='lat' dir='ltr'><strong>modo</strong></span> <span class='ocrx_word' id='word_1_237' title='bbox 1763 1459 1874 1513; x_wconf 71' lang='lat' dir='ltr'><strong>cioe</strong></span> <span class='ocrx_word' id='word_1_238' title='bbox 1903 1484 1927 1507; x_wconf 72' lang='lat' dir='ltr'><strong>e</strong></span> <span class='ocrx_word' id='word_1_239' title='bbox 1959 1463 2160 1512; x_wconf 87' lang='lat' dir='ltr'><strong>infinito</strong></span> <span class='ocrx_word' id='word_1_240' title='bbox 2193 1482 2237 1510; x_wconf 62' lang='grc' dir='ltr'><strong>ι,</strong></span> 
     </span>
    </p>

    <p class='ocr_par' dir='ltr' id='par_1_17' title="bbox 1332 1534 2309 3646">
     <span class='ocr_line' id='line_1_48' title="bbox 1416 1534 2237 1598; baseline -0.004 -13"><span class='ocrx_word' id='word_1_241' title='bbox 1416 1549 1566 1596; x_wconf 85' lang='grc'>1014.</span> <span class='ocrx_word' id='word_1_242' title='bbox 1606 1535 1660 1584; x_wconf 92' lang='lat' dir='ltr'><strong>Si</strong></span> <span class='ocrx_word' id='word_1_243' title='bbox 1711 1542 1953 1584; x_wconf 88' lang='lat' dir='ltr'><strong>ammette</strong></span> <span class='ocrx_word' id='word_1_244' title='bbox 2010 1534 2237 1598; x_wconf 67' lang='lat' dir='ltr'><strong>general·</strong></span> 
     </span>
     <span class='ocr_line' id='line_1_49' title="bbox 1340 1605 2237 1672; baseline -0.006 -17"><span class='ocrx_word' id='word_1_245' title='bbox 1340 1614 1512 1658; x_wconf 86' lang='lat' dir='ltr'><strong>mente</strong></span> <span class='ocrx_word' id='word_1_246' title='bbox 1548 1606 1714 1672; x_wconf 87' lang='lat' dir='ltr'><strong>prima</strong></span> <span class='ocrx_word' id='word_1_247' title='bbox 1757 1605 1809 1653; x_wconf 92' lang='lat' dir='ltr'><strong>di</strong></span> <span class='ocrx_word' id='word_1_248' title='bbox 1861 1613 2040 1670; x_wconf 89' lang='lat' dir='ltr'><strong>questo</strong></span> <span class='ocrx_word' id='word_1_249' title='bbox 2093 1621 2237 1655; x_wconf 70' lang='lat' dir='ltr'><strong>versu</strong></span> 
     </span>
     <span class='ocr_line' id='line_1_50' title="bbox 1338 1676 2237 1737; baseline -0.003 -11"><span class='ocrx_word' id='word_1_250' title='bbox 1338 1694 1441 1726; x_wconf 86' lang='lat' dir='ltr'><strong>una</strong></span> <span class='ocrx_word' id='word_1_251' title='bbox 1479 1679 1674 1737; x_wconf 88' lang='lat' dir='ltr'><strong>lacuna,</strong></span> <span class='ocrx_word' id='word_1_252' title='bbox 1714 1676 1807 1726; x_wconf 89' lang='lat' dir='ltr'><strong>che</strong></span> <span class='ocrx_word' id='word_1_253' title='bbox 1853 1677 1894 1724; x_wconf 91' lang='lat' dir='ltr'><strong>il</strong></span> <span class='ocrx_word' id='word_1_254' title='bbox 1942 1676 2237 1725; x_wconf 77' lang='lat' dir='ltr'><strong>Lachmann</strong></span> 
     </span>
     <span class='ocr_line' id='line_1_51' title="bbox 1336 1745 2237 1815; baseline -0.006 -16"><span class='ocrx_word' id='word_1_255' title='bbox 1336 1765 1474 1815; x_wconf 89' lang='lat' dir='ltr'><strong>pone</strong></span> <span class='ocrx_word' id='word_1_256' title='bbox 1512 1745 1637 1814; x_wconf 77' lang='lat' dir='ltr'><strong>pero</strong></span> <span class='ocrx_word' id='word_1_257' title='bbox 1661 1747 1797 1813; x_wconf 90' lang='lat' dir='ltr'><strong>dopo</strong></span> <span class='ocrx_word' id='word_1_258' title='bbox 1820 1747 1860 1797; x_wconf 89' lang='lat' dir='ltr'><strong>il</strong></span> <span class='ocrx_word' id='word_1_259' title='bbox 1895 1763 1942 1796; x_wconf 82' lang='lat' dir='ltr'><strong>v.</strong></span> <span class='ocrx_word' id='word_1_260' title='bbox 1984 1759 2133 1806; x_wconf 90' lang='lat'>1012,</span> <span class='ocrx_word' id='word_1_261' title='bbox 2165 1750 2237 1794; x_wconf 74' lang='lat' dir='ltr'><strong>di-</strong></span> 
     </span>
     <span class='ocr_line' id='line_1_52' title="bbox 1336 1817 2229 1885; baseline -0.004 -15"><span class='ocrx_word' id='word_1_262' title='bbox 1336 1819 1715 1885; x_wconf 86' lang='lat' dir='ltr'><strong>sgiungendolo</strong></span> <span class='ocrx_word' id='word_1_263' title='bbox 1752 1819 1933 1884; x_wconf 89' lang='lat' dir='ltr'><strong>quindi</strong></span> <span class='ocrx_word' id='word_1_264' title='bbox 1971 1817 2056 1867; x_wconf 90' lang='lat' dir='ltr'><strong>dal</strong></span> <span class='ocrx_word' id='word_1_265' title='bbox 2100 1831 2229 1882; x_wconf 71' lang='lat'>1013</span> 
     </span>
     <span class='ocr_line' id='line_1_53' title="bbox 1337 1890 2237 1957; baseline -0.006 -17"><span class='ocrx_word' id='word_1_266' title='bbox 1337 1892 1418 1940; x_wconf 87' lang='lat' dir='ltr'><strong>col</strong></span> <span class='ocrx_word' id='word_1_267' title='bbox 1455 1891 1608 1957; x_wconf 89' lang='lat' dir='ltr'><strong>quale</strong></span> <span class='ocrx_word' id='word_1_268' title='bbox 1639 1906 1782 1956; x_wconf 88' lang='lat' dir='ltr'><strong>pure,</strong></span> <span class='ocrx_word' id='word_1_269' title='bbox 1810 1905 1954 1938; x_wconf 87' lang='lat' dir='ltr'><strong>come</strong></span> <span class='ocrx_word' id='word_1_270' title='bbox 1998 1890 2237 1938; x_wconf 60' lang='lat' dir='ltr'><strong>abbiamo</strong></span> 
     </span>
     <span class='ocr_line' id='line_1_54' title="bbox 1337 1961 2237 2025; baseline -0.006 -14"><span class='ocrx_word' id='word_1_271' title='bbox 1337 1963 1482 2021; x_wconf 84' lang='lat' dir='ltr'><strong>visto,</strong></span> <span class='ocrx_word' id='word_1_272' title='bbox 1505 1962 1556 2012; x_wconf 85' lang='lat' dir='ltr'><strong>fa</strong></span> <span class='ocrx_word' id='word_1_273' title='bbox 1584 1977 1654 2009; x_wconf 87' lang='lat' dir='ltr'><strong>un</strong></span> <span class='ocrx_word' id='word_1_274' title='bbox 1680 1976 1830 2010; x_wconf 89' lang='lat' dir='ltr'><strong>senso</strong></span> <span class='ocrx_word' id='word_1_275' title='bbox 1857 1961 2134 2025; x_wconf 74' lang='lat' dir='ltr'><strong>compium.</strong></span> <span class='ocrx_word' id='word_1_276' title='bbox 2165 1962 2237 2010; x_wconf 72' lang='lat' dir='ltr'><strong>,La</strong></span> 
     </span>
     <span class='ocr_line' id='line_1_55' title="bbox 1337 2032 2233 2082; baseline -0.004 0"><span class='ocrx_word' id='word_1_277' title='bbox 1337 2033 1518 2082; x_wconf 87' lang='lat' dir='ltr'><strong>lacuna</strong></span> <span class='ocrx_word' id='word_1_278' title='bbox 1553 2032 1776 2082; x_wconf 87' lang='lat' dir='ltr'><strong>secondo</strong></span> <span class='ocrx_word' id='word_1_279' title='bbox 1814 2032 1852 2081; x_wconf 90' lang='lat' dir='ltr'><strong>il</strong></span> <span class='ocrx_word' id='word_1_280' title='bbox 1889 2032 2112 2080; x_wconf 85' lang='lat' dir='ltr'><strong>Marullo</strong></span> <span class='ocrx_word' id='word_1_281' title='bbox 2144 2034 2233 2079; x_wconf 50' lang='lat' dir='ltr'><strong>do*</strong></span> 
     </span>
     <span class='ocr_line' id='line_1_56' title="bbox 1334 2103 2237 2170; baseline 0.002 -17"><span class='ocrx_word' id='word_1_282' title='bbox 1334 2120 1464 2155; x_wconf 88' lang='lat' dir='ltr'><strong>veva</strong></span> <span class='ocrx_word' id='word_1_283' title='bbox 1534 2110 1804 2154; x_wconf 87' lang='lat' dir='ltr'><strong>contenere</strong></span> <span class='ocrx_word' id='word_1_284' title='bbox 1865 2103 1904 2152; x_wconf 89' lang='lat' dir='ltr'><strong>il</strong></span> <span class='ocrx_word' id='word_1_285' title='bbox 1967 2106 2237 2170; x_wconf 64' lang='lat' dir='ltr'><strong>passaggio</strong></span> 
     </span>
     <span class='ocr_line' id='line_1_57' title="bbox 1336 2171 2233 2226; baseline -0.002 -2"><span class='ocrx_word' id='word_1_286' title='bbox 1336 2176 1474 2226; x_wconf 87' lang='lat' dir='ltr'><strong>dalla</strong></span> <span class='ocrx_word' id='word_1_287' title='bbox 1509 2171 1709 2225; x_wconf 56' lang='lat' dir='ltr'><strong>infinita⁴</strong></span> <span class='ocrx_word' id='word_1_288' title='bbox 1745 2175 1830 2225; x_wconf 91' lang='lat' dir='ltr'><strong>del</strong></span> <span class='ocrx_word' id='word_1_289' title='bbox 1854 2182 2009 2224; x_wconf 86' lang='lat' dir='ltr'><strong>vuoto</strong></span> <span class='ocrx_word' id='word_1_290' title='bbox 2033 2175 2134 2225; x_wconf 88' lang='lat' dir='ltr'><strong>alla</strong></span> <span class='ocrx_word' id='word_1_291' title='bbox 2158 2175 2233 2223; x_wconf 77' lang='lat' dir='ltr'><strong>in-</strong></span> 
     </span>
     <span class='ocr_line' id='line_1_58' title="bbox 1337 2245 2237 2304; baseline -0.002 -7"><span class='ocrx_word' id='word_1_292' title='bbox 1337 2245 1488 2304; x_wconf 57' lang='lat' dir='ltr'><strong>finita,</strong></span> <span class='ocrx_word' id='word_1_293' title='bbox 1540 2247 1678 2296; x_wconf 90' lang='lat' dir='ltr'><strong>della</strong></span> <span class='ocrx_word' id='word_1_294' title='bbox 1740 2246 1964 2297; x_wconf 86' lang='lat' dir='ltr'><strong>materia.</strong></span> <span class='ocrx_word' id='word_1_295' title='bbox 2028 2248 2117 2295; x_wconf 87' lang='lat' dir='ltr'><strong>Ma</strong></span> <span class='ocrx_word' id='word_1_296' title='bbox 2171 2247 2237 2295; x_wconf 73' lang='lat' dir='ltr'><strong>tal</strong></span> 
     </span>
     <span class='ocr_line' id='line_1_59' title="bbox 1337 2317 2233 2384; baseline 0.003 -17"><span class='ocrx_word' id='word_1_297' title='bbox 1337 2318 1623 2384; x_wconf 79' lang='lat' dir='ltr'><strong>passaggiO,</strong></span> <span class='ocrx_word' id='word_1_298' title='bbox 1644 2333 1790 2369; x_wconf 89' lang='lat' dir='ltr'><strong>come</strong></span> <span class='ocrx_word' id='word_1_299' title='bbox 1809 2317 2048 2367; x_wconf 86' lang='lat' dir='ltr'><strong>abbiamo</strong></span> <span class='ocrx_word' id='word_1_300' title='bbox 2080 2317 2233 2371; x_wconf 66' lang='lat' dir='ltr'><strong>detto,</strong></span> 
     </span>
     <span class='ocr_line' id='line_1_60' title="bbox 1336 2388 2234 2454; baseline -0.004 -15"><span class='ocrx_word' id='word_1_301' title='bbox 1336 2388 1365 2439; x_wconf 75' lang='lat' dir='ltr'><strong>e</strong></span> <span class='ocrx_word' id='word_1_302' title='bbox 1404 2388 1491 2454; x_wconf 67' lang='lat' dir='ltr'><strong>gia</strong></span> <span class='ocrx_word' id='word_1_303' title='bbox 1527 2390 1613 2440; x_wconf 87' lang='lat' dir='ltr'><strong>nei</strong></span> <span class='ocrx_word' id='word_1_304' title='bbox 1647 2389 1780 2440; x_wconf 84' lang='lat' dir='ltr'><strong>versi</strong></span> <span class='ocrx_word' id='word_1_305' title='bbox 1815 2388 2131 2448; x_wconf 86' lang='lat' dir='ltr'>1008—101o‚</span> <span class='ocrx_word' id='word_1_306' title='bbox 2159 2391 2234 2436; x_wconf 74' lang='lat' dir='ltr'><strong>eni</strong></span> 
     </span>
     <span class='ocr_line' id='line_1_61' title="bbox 1337 2459 2237 2527; baseline -0.003 -17"><span class='ocrx_word' id='word_1_307' title='bbox 1337 2462 1479 2527; x_wconf 70' lang='lat' dir='ltr'><strong>quali</strong></span> <span class='ocrx_word' id='word_1_308' title='bbox 1515 2461 1553 2510; x_wconf 90' lang='lat' dir='ltr'><strong>il</strong></span> <span class='ocrx_word' id='word_1_309' title='bbox 1591 2468 1744 2526; x_wconf 89' lang='lat' dir='ltr'><strong>poeta</strong></span> <span class='ocrx_word' id='word_1_310' title='bbox 1780 2460 1861 2509; x_wconf 87' lang='lat' dir='ltr'><strong>col</strong></span> <span class='ocrx_word' id='word_1_311' title='bbox 1889 2467 2088 2509; x_wconf 84' lang='lat' dir='ltr'><strong>toccare</strong></span> <span class='ocrx_word' id='word_1_312' title='bbox 2125 2459 2237 2508; x_wconf 65' lang='grc' dir='ltr'><strong>Γπ]-</strong></span> 
     </span>
     <span class='ocr_line' id='line_1_62' title="bbox 1336 2527 2309 2597; baseline -0.002 -16"><span class='ocrx_word' id='word_1_313' title='bbox 1336 2539 1591 2593; x_wconf 86' lang='lat' dir='ltr'><strong>ternanza,</strong></span> <span class='ocrx_word' id='word_1_314' title='bbox 1655 2527 1740 2597; x_wconf 67' lang='lat' dir='ltr'><strong>gia</strong></span> <span class='ocrx_word' id='word_1_315' title='bbox 1811 2531 2122 2590; x_wconf 86' lang='lat' dir='ltr'><strong>dimostrata,</strong></span> <span class='ocrx_word' id='word_1_316' title='bbox 2185 2531 2233 2579; x_wconf 77' lang='lat' dir='ltr'><strong>tii</strong></span> <span class='ocrx_word' id='word_1_317' title='bbox 2305 2551 2309 2555; x_wconf 97' lang='lat'>·</span> 
     </span>
     <span class='ocr_line' id='line_1_63' title="bbox 1334 2601 2237 2667; baseline -0.004 -16"><span class='ocrx_word' id='word_1_318' title='bbox 1334 2611 1494 2653; x_wconf 90' lang='lat' dir='ltr'><strong>vuoto</strong></span> <span class='ocrx_word' id='word_1_319' title='bbox 1529 2620 1558 2654; x_wconf 90' lang='lat' dir='ltr'><strong>e</strong></span> <span class='ocrx_word' id='word_1_320' title='bbox 1596 2602 1820 2661; x_wconf 87' lang='lat' dir='ltr'><strong>materia,</strong></span> <span class='ocrx_word' id='word_1_321' title='bbox 1860 2602 1903 2650; x_wconf 88' lang='lat' dir='ltr'><strong>si</strong></span> <span class='ocrx_word' id='word_1_322' title='bbox 1936 2618 2056 2667; x_wconf 90' lang='lat' dir='ltr'><strong>apre</strong></span> <span class='ocrx_word' id='word_1_323' title='bbox 2083 2601 2134 2649; x_wconf 89' lang='lat' dir='ltr'><strong>la</strong></span> <span class='ocrx_word' id='word_1_324' title='bbox 2158 2603 2237 2651; x_wconf 70' lang='lat' dir='ltr'><strong>via</strong></span> 
     </span>
     <span class='ocr_line' id='line_1_64' title="bbox 1336 2667 2237 2724; baseline -0.003 -2"><span class='ocrx_word' id='word_1_325' title='bbox 1336 2691 1366 2723; x_wconf 86' lang='lat' dir='ltr'><strong>a</strong></span> <span class='ocrx_word' id='word_1_326' title='bbox 1401 2674 1681 2724; x_wconf 88' lang='lat' dir='ltr'><strong>dichiarare</strong></span> <span class='ocrx_word' id='word_1_327' title='bbox 1730 2673 1824 2722; x_wconf 89' lang='lat' dir='ltr'><strong>che</strong></span> <span class='ocrx_word' id='word_1_328' title='bbox 1861 2689 1916 2722; x_wconf 92' lang='lat' dir='ltr'><strong>se</strong></span> <span class='ocrx_word' id='word_1_329' title='bbox 1967 2672 2169 2721; x_wconf 82' lang='lat' dir='ltr'><strong>infinito</strong></span> <span class='ocrx_word' id='word_1_330' title='bbox 2209 2667 2237 2719; x_wconf 63' lang='grc' dir='ltr'>ἒ</span> 
     </span>
     <span class='ocr_line' id='line_1_65' title="bbox 1335 2744 2237 2808; baseline -0.003 -14"><span class='ocrx_word' id='word_1_331' title='bbox 1335 2744 1376 2794; x_wconf 86' lang='lat' dir='ltr'><strong>il</strong></span> <span class='ocrx_word' id='word_1_332' title='bbox 1410 2752 1582 2806; x_wconf 79' lang='lat' dir='ltr'><strong>vuoto,</strong></span> <span class='ocrx_word' id='word_1_333' title='bbox 1620 2744 1821 2795; x_wconf 76' lang='lat' dir='ltr'><strong>infinita</strong></span> <span class='ocrx_word' id='word_1_334' title='bbox 1855 2744 1984 2793; x_wconf 87' lang='lat' dir='ltr'><strong>deve</strong></span> <span class='ocrx_word' id='word_1_335' title='bbox 2010 2759 2137 2808; x_wconf 86' lang='lat' dir='ltr'><strong>pure</strong></span> <span class='ocrx_word' id='word_1_336' title='bbox 2165 2759 2237 2791; x_wconf 73' lang='lat' dir='ltr'><strong>es-</strong></span> 
     </span>
     <span class='ocr_line' id='line_1_66' title="bbox 1336 2815 2237 2866; baseline -0.003 0"><span class='ocrx_word' id='word_1_337' title='bbox 1336 2832 1447 2866; x_wconf 87' lang='lat' dir='ltr'><strong>sere</strong></span> <span class='ocrx_word' id='word_1_338' title='bbox 1501 2815 1552 2865; x_wconf 88' lang='lat' dir='ltr'><strong>la</strong></span> <span class='ocrx_word' id='word_1_339' title='bbox 1605 2815 1829 2865; x_wconf 82' lang='lat' dir='ltr'><strong>materia.</strong></span> <span class='ocrx_word' id='word_1_340' title='bbox 1888 2818 2098 2865; x_wconf 88' lang='lat' dir='ltr'><strong>Lacuna</strong></span> <span class='ocrx_word' id='word_1_341' title='bbox 2150 2815 2237 2863; x_wconf 74' lang='lat' dir='ltr'><strong>nei</strong></span> 
     </span>
     <span class='ocr_line' id='line_1_67' title="bbox 1337 2887 2237 2951; baseline -0.001 -15"><span class='ocrx_word' id='word_1_342' title='bbox 1337 2887 1651 2937; x_wconf 86' lang='lat' dir='ltr'><strong>manoscritti</strong></span> <span class='ocrx_word' id='word_1_343' title='bbox 1677 2903 1782 2936; x_wconf 86' lang='lat' dir='ltr'><strong>non</strong></span> <span class='ocrx_word' id='word_1_344' title='bbox 1807 2898 2020 2951; x_wconf 85' lang='lat' dir='ltr'><strong>appare:</strong></span> <span class='ocrx_word' id='word_1_345' title='bbox 2048 2900 2102 2935; x_wconf 88' lang='lat' dir='ltr'><strong>se</strong></span> <span class='ocrx_word' id='word_1_346' title='bbox 2128 2887 2237 2935; x_wconf 73' lang='lat' dir='ltr'><strong>nei-</strong></span> 
     </span>
     <span class='ocr_line' id='line_1_68' title="bbox 1335 2956 2233 3023; baseline -0.003 -17"><span class='ocrx_word' id='word_1_347' title='bbox 1335 2958 1636 3023; x_wconf 86' lang='lat' dir='ltr'><strong>l’archetipo</strong></span> <span class='ocrx_word' id='word_1_348' title='bbox 1674 2956 1782 3023; x_wconf 83' lang='lat' dir='ltr'><strong>peri</strong></span> <span class='ocrx_word' id='word_1_349' title='bbox 1832 2957 2050 3022; x_wconf 87' lang='lat' dir='ltr'><strong>qualche</strong></span> <span class='ocrx_word' id='word_1_350' title='bbox 2101 2972 2233 3019; x_wconf 62' lang='grc' dir='ltr'><strong>00511Τ</strong></span> 
     </span>
     <span class='ocr_line' id='line_1_69' title="bbox 1335 3025 2237 3094; baseline -0.002 -17"><span class='ocrx_word' id='word_1_351' title='bbox 1335 3025 1467 3078; x_wconf 71' lang='lat' dir='ltr'><strong>dove</strong></span> <span class='ocrx_word' id='word_1_352' title='bbox 1493 3029 1671 3094; x_wconf 86' lang='lat' dir='ltr'><strong>perire,</strong></span> <span class='ocrx_word' id='word_1_353' title='bbox 1699 3028 1968 3087; x_wconf 85' lang='lat' dir='ltr'><strong>crediamo‚</strong></span> <span class='ocrx_word' id='word_1_354' title='bbox 1997 3043 2068 3077; x_wconf 86' lang='lat' dir='ltr'><strong>un</strong></span> <span class='ocrx_word' id='word_1_355' title='bbox 2094 3044 2237 3078; x_wconf 54' lang='lat' dir='ltr'><strong>versi]</strong></span> 
     </span>
     <span class='ocr_line' id='line_1_70' title="bbox 1333 3099 2233 3166; baseline -0.003 -16"><span class='ocrx_word' id='word_1_356' title='bbox 1333 3101 1429 3151; x_wconf 87' lang='lat' dir='ltr'><strong>che</strong></span> <span class='ocrx_word' id='word_1_357' title='bbox 1448 3107 1747 3150; x_wconf 87' lang='lat' dir='ltr'><strong>contenesse</strong></span> <span class='ocrx_word' id='word_1_358' title='bbox 1767 3108 1949 3166; x_wconf 86' lang='lat' dir='ltr'><strong>questo</strong></span> <span class='ocrx_word' id='word_1_359' title='bbox 1969 3099 2205 3165; x_wconf 66' lang='lat' dir='ltr'><strong>pensiero</strong></span> <span class='ocrx_word' id='word_1_360' title='bbox 2225 3119 2233 3147; x_wconf 93' lang='grc'><strong>·.</strong></span> 
     </span>
     <span class='ocr_line' id='line_1_71' title="bbox 1336 3170 2233 3221; baseline 0.003 -5"><span class='ocrx_word' id='word_1_361' title='bbox 1336 3192 1362 3216; x_wconf 80' lang='lat'><strong>«</strong></span> <span class='ocrx_word' id='word_1_362' title='bbox 1405 3171 1471 3221; x_wconf 87' lang='lat' dir='ltr'><strong>ed</strong></span> <span class='ocrx_word' id='word_1_363' title='bbox 1507 3171 1677 3220; x_wconf 87' lang='lat' dir='ltr'><strong>infatti</strong></span> <span class='ocrx_word' id='word_1_364' title='bbox 1713 3186 1769 3221; x_wconf 86' lang='lat' dir='ltr'><strong>se</strong></span> <span class='ocrx_word' id='word_1_365' title='bbox 1805 3172 1855 3220; x_wconf 87' lang='lat' dir='ltr'><strong>la</strong></span> <span class='ocrx_word' id='word_1_366' title='bbox 1892 3170 2104 3220; x_wconf 85' lang='lat' dir='ltr'><strong>materia</strong></span> <span class='ocrx_word' id='word_1_367' title='bbox 2130 3186 2233 3219; x_wconf 77' lang='lat' dir='ltr'><strong>nun</strong></span> 
     </span>
     <span class='ocr_line' id='line_1_72' title="bbox 1333 3241 2229 3301; baseline 0 -10"><span class='ocrx_word' id='word_1_368' title='bbox 1333 3242 1471 3292; x_wconf 81' lang='lat' dir='ltr'><strong>fosse</strong></span> <span class='ocrx_word' id='word_1_369' title='bbox 1497 3241 1711 3301; x_wconf 86' lang='lat' dir='ltr'><strong>infinita,</strong></span> <span class='ocrx_word' id='word_1_370' title='bbox 1733 3257 1824 3290; x_wconf 76' lang='lat' dir='ltr'><strong>nec</strong></span> <span class='ocrx_word' id='word_1_371' title='bbox 1848 3257 2005 3300; x_wconf 80' lang='lat' dir='ltr'><strong>mare,</strong></span> <span class='ocrx_word' id='word_1_372' title='bbox 2028 3258 2119 3291; x_wconf 82' lang='lat' dir='ltr'><strong>nec</strong></span> <span class='ocrx_word' id='word_1_373' title='bbox 2145 3243 2229 3291; x_wconf 59' lang='lat' dir='ltr'><strong>tex-1¹2</strong></span> 
     </span>
     <span class='ocr_line' id='line_1_73' title="bbox 1334 3309 2233 3377; baseline -0.003 -15"><span class='ocrx_word' id='word_1_374' title='bbox 1334 3313 1419 3362; x_wconf 85' lang='lat' dir='ltr'><strong>lus</strong></span> <span class='ocrx_word' id='word_1_375' title='bbox 1458 3328 1559 3363; x_wconf 90' lang='lat' dir='ltr'><strong>ecc.</strong></span> <span class='ocrx_word' id='word_1_376' title='bbox 1594 3332 1638 3363; x_wconf 73' lang='grc' dir='ltr'><strong>ι.</strong></span> <span class='ocrx_word' id='word_1_377' title='bbox 1676 3309 1788 3362; x_wconf 77' lang='grc' dir='ltr'>Ριιὸ</span> <span class='ocrx_word' id='word_1_378' title='bbox 1813 3313 2049 3377; x_wconf 87' lang='lat' dir='ltr'><strong>supporsi</strong></span> <span class='ocrx_word' id='word_1_379' title='bbox 2077 3312 2169 3362; x_wconf 80' lang='lat' dir='ltr'><strong>che</strong></span> <span class='ocrx_word' id='word_1_380' title='bbox 2197 3315 2233 3359; x_wconf 87' lang='lat' dir='ltr'><strong>il</strong></span> 
     </span>
     <span class='ocr_line' id='line_1_74' title="bbox 1333 3380 2233 3450; baseline 0 -19"><span class='ocrx_word' id='word_1_381' title='bbox 1333 3398 1478 3433; x_wconf 86' lang='lat' dir='ltr'><strong>verso</strong></span> <span class='ocrx_word' id='word_1_382' title='bbox 1514 3384 1590 3434; x_wconf 90' lang='lat' dir='ltr'><strong>sia</strong></span> <span class='ocrx_word' id='word_1_383' title='bbox 1627 3383 1808 3449; x_wconf 88' lang='lat' dir='ltr'><strong>perito,</strong></span> <span class='ocrx_word' id='word_1_384' title='bbox 1852 3380 2039 3450; x_wconf 73' lang='lat' dir='ltr'><strong>perche</strong></span> <span class='ocrx_word' id='word_1_385' title='bbox 2064 3383 2233 3433; x_wconf 79' lang='lat' dir='ltr'><strong>termi-</strong></span> 
     </span>
     <span class='ocr_line' id='line_1_75' title="bbox 1332 3453 2233 3504; baseline 0 -1"><span class='ocrx_word' id='word_1_386' title='bbox 1332 3470 1463 3503; x_wconf 84' lang='lat' dir='ltr'><strong>nava</strong></span> <span class='ocrx_word' id='word_1_387' title='bbox 1507 3455 1640 3504; x_wconf 86' lang='lat' dir='ltr'><strong>forse</strong></span> <span class='ocrx_word' id='word_1_388' title='bbox 1697 3470 1796 3503; x_wconf 87' lang='lat' dir='ltr'><strong>con</strong></span> <span class='ocrx_word' id='word_1_389' title='bbox 1850 3455 1901 3504; x_wconf 87' lang='lat' dir='ltr'><strong>la</strong></span> <span class='ocrx_word' id='word_1_390' title='bbox 1955 3453 2233 3504; x_wconf 73' lang='lat' dir='ltr'><strong>medesima</strong></span> 
     </span>
     <span class='ocr_line' id='line_1_76' title="bbox 1332 3524 2233 3591; baseline 0.002 -17"><span class='ocrx_word' id='word_1_391' title='bbox 1332 3526 1509 3591; x_wconf 88' lang='lat' dir='ltr'><strong>parola</strong></span> <span class='ocrx_word' id='word_1_392' title='bbox 1532 3527 1924 3576; x_wconf 80' lang='lat' dir='ltr'><strong>immoderatum</strong></span> <span class='ocrx_word' id='word_1_393' title='bbox 1950 3524 2035 3575; x_wconf 87' lang='lat' dir='ltr'><strong>del</strong></span> <span class='ocrx_word' id='word_1_394' title='bbox 2060 3539 2233 3590; x_wconf 56' lang='lat' dir='ltr'><strong>prece*-</strong></span> 
     </span>
     <span class='ocr_line' id='line_1_77' title="bbox 1332 3596 1502 3646; baseline 0.006 -1"><span class='ocrx_word' id='word_1_395' title='bbox 1332 3596 1502 3646; x_wconf 85' lang='lat' dir='ltr'><strong>dente.</strong></span> 
     </span>
    </p>

    <p class='ocr_par' dir='ltr' id='par_1_18' title="bbox 1411 3667 2237 3733">
     <span class='ocr_line' id='line_1_78' title="bbox 1411 3667 2237 3733; baseline 0.002 -16"><span class='ocrx_word' id='word_1_396' title='bbox 1411 3676 1560 3732; x_wconf 84' lang='lat'>1015.</span> <span class='ocrx_word' id='word_1_397' title='bbox 1585 3667 1761 3717; x_wconf 79' lang='lat' dir='ltr'><strong>divum</strong></span> <span class='ocrx_word' id='word_1_398' title='bbox 1780 3674 1997 3733; x_wconf 80' lang='lat' dir='ltr'><strong>corpora</strong></span> <span class='ocrx_word' id='word_1_399' title='bbox 2018 3675 2197 3717; x_wconf 68' lang='lat' dir='ltr'><strong>sancta</strong></span> <span class='ocrx_word' id='word_1_400' title='bbox 2217 3687 2237 3719; x_wconf 87' lang='lat'><em>:</em></span> 
     </span>
    </p>
   </div>
  </div>
 </body>
</html>
