2917 4275
662 314 745 373 80
1319 327 1387 374 τ.
1428 324 1698 371 Lucu-rr
1755 325 1782 340 ⁶*
1855 329 1858 332 ·
1907 349 1913 362 .

656 450 1017 532 principium
1063 451 1347 530 quoniam
1391 450 1650 514 cedendi
1693 454 1858 514 nulla
1903 443 2074 515 daret
2114 470 2227 513 res.

657 551 719 603 at
764 560 926 603 nunc
970 561 1077 620 per
1122 540 1306 602 maria
1349 561 1420 604 ac
1466 552 1650 602 terras
1697 542 2071 620 sublimaque
2116 539 2267 603 caeli

2439 561 2567 618 340

655 633 845 692 multa
888 631 1085 692 modis
1131 629 1333 691 multis
1376 630 1538 691 varia
1582 630 1810 692 ratione
1854 630 2087 692 moveri

655 719 951 782 cernimus
994 730 1135 781 ante
1179 722 1385 781 oculos
1409 737 1425 795 ;

1504 739 1679 797 quae,
1729 719 1777 781 si
1827 740 1949 781 non
1995 730 2152 780 esset
2193 719 2387 795 inane,

656 828 791 870 non·
827 819 949 870 tam
996 808 1248 870 sollicito
1292 820 1461 870 motu
1505 807 1733 887 privata
1778 819 2049 871 carerent

657 916 837 976 quam
882 897 1081 977 genita
1126 897 1375 959 omnino
1420 900 1587 958 nulla
1619 897 1859 986 ‘ratione
1904 898 2169 973 fuissent,

656 986 923 1065 undique
970 987 1248 1049 materies
1293 986 1577 1064 quoniam
1626 987 1842 1066 stipata
1887 987 2163 1065 quiesset.

2437 1002 2558 1064 345

654 1086 961 1155 praeterea
1006 1075 1275 1155 quamvis
1322 1076 1549 1137 solidae
1592 1095 1688 1137 res
1732 1096 1861 1139 esse
1906 1085 2205 1155 putentur,

654 1164 797 1227 hinc
838 1175 1043 1226 tamen
1085 1184 1214 1226 esse
1258 1164 1400 1227 licet
1443 1185 1577 1226 raro
1621 1184 1760 1228 cum
1804 1184 2055 1245 corpore
2099 1183 2326 1227 cernas·

726 1405 846 1458 339.
861 1394 1183 1459 principium
1209 1395 1439 1445 cedendi.-
1466 1396 1556 1461 qui

652 1466 736 1517 col
773 1467 999 1531 genitivo
1037 1466 1120 1516 del
1156 1467 1437 1531 gerundi03
1480 1465 1555 1516 al-

652 1545 794 1589 trove
830 1538 912 1588 col
939 1538 1112 1588 dativo
1150 1537 1236 1587 del
1273 1539 1553 1603 gei-undio:

652 1610 694 1672 Ι,
735 1618 871 1671 7072
930 1628 953 1651 ε
993 1609 1073 1657 Et
1103 1608 1199 1673 qui
1233 1610 1553 1672 principium

644 1679 927 1745 gignundis
976 1683 1101 1729 alra
1148 1681 1298 1730 rebus
1355 1680 1550 1731 Consti·

651 1758 794 1800 tuere
843 1769 886 1801 ι.
936 1751 1000 1801 In
1051 1749 1092 1812 I,
1141 1751 1243 1816 383
1290 1770 1315 1795 e
1366 1753 1552 1801 initum

650 1823 885 1872 movendi
912 1840 955 1871 ι.
986 1848 1048 1859 —-
1077 1822 1225 1872 nulla
1263 1823 1409 1872 daret
1443 1838 1551 1872 res:

648 1892 837 1960 perche
884 1910 992 1944 non
1029 1895 1078 1944 vi
1124 1895 1340 1944 sarebbe
1377 1895 1552 1960 spazio

649 1965 953 2016 intermedio
991 1966 1043 2015 di
1082 1972 1237 2016 vuoto
1275 1974 1351 2016 tra
1394 1966 1426 2015 1’
1447 1983 1552 2016 una

653 2053 775 2088 cosa
812 2053 841 2087 e
879 2037 910 2087 1·
928 2038 1071 2088 altra.

722 2120 841 2172 340.
869 2108 1179 2173 sublt'maque
1198 2107 1328 2157 caeli
1339 2124 1358 2158 .-
1390 2128 1415 2154 ε
1443 2109 1554 2160 nel-

650 2179 886 2231 l’eccelso
924 2180 1056 2231 cielo
1099 2198 1142 2227 »-
1181 2182 1265 2230 Da
1287 2180 1550 2239 sublimus,

650 2252 744 2301 che
794 2253 838 2302 si
887 2259 1042 2311 trova,
1081 2249 1308 2301 oltreche
1353 2253 1410 2302 in
1446 2254 1551 2302 Lu·

649 2325 832 2383 crezi0,
870 2324 923 2373 in
961 2324 1121 2374 Accio
1157 2330 1293 2387 trag.
1332 2324 1390 2373 fr.
1432 2323 1549 2387 576,

651 2393 770 2459 563,
811 2395 865 2444 in
900 2395 1073 2444 Ennio
1099 2400 1233 2457 trag.
1270 2407 1301 2444 2
1326 2392 1459 2458 (98),
1489 2396 1551 2443 ed

649 2467 705 2516 in
743 2466 873 2516 altri.
912 2469 1090 2517 Presso
1125 2466 1372 2517 Luerezio
1407 2467 1476 2515 ha
1503 2458 1580 2531 les

647 2538 746 2588 due
783 2538 1009 2588 flessioni
1046 2538 1100 2586 in
1137 2553 1237 2595 -us,
1265 2552 1335 2594 -a,
1374 2553 1485 2585 -um
1521 2554 1551 2587 e

648 2609 703 2659 in
729 2610 815 2667 -is‚
850 2623 899 2656 -e
908 2625 932 2665 2·
969 2606 1078 2658 cosi
1115 2624 1240 2674 pure
1264 2607 1297 2657 l'
1314 2624 1427 2673 agg.
1454 2615 1546 2657 ste·

647 2678 799 2739 rilus,
825 2680 1014 2729 sterilis
1037 2678 1148 2741 (cfr.
1189 2679 1254 2739 11,
1282 2678 1380 2743 845
1406 2698 1419 2741 ;
1457 2681 1546 2739 IV,

655 2760 816 2816 12353
862 2749 1034 2813 1240).
1062 2748 1167 2801 cfr.
1198 2751 1361 2800 anche
1386 2765 1549 2800 neces-

646 2838 778 2879 sum,
817 2837 1020 2871 necesse.
1048 2822 1181 2871 Vedi
1219 2822 1548 2882 Cartault,

649 2893 729 2943 La
756 2891 946 2948 flexion
971 2894 1100 2942 dans
1123 2888 1358 2952 chrbce,
1382 2910 1432 2959 p.
1465 2900 1547 2957 55.

720 2975 843 3028 343.
882 2963 927 3012 11
965 2972 1120 3029 poeta
1167 2964 1318 3014 risale
1368 2979 1399 3013 a
1445 2980 1549 3014 una

648 3036 862 3101 ragione
900 3031 990 3100 pih
1027 3034 1282 3100 generale.
1322 3036 1388 3086 Se
1412 3034 1550 3087 l'ori-

648 3107 771 3172 gine
823 3124 851 3157 e
900 3104 1144 3156 l'essenza
1199 3114 1358 3157 stessa
1411 3106 1549 3156 della

645 3179 751 3247 vite.
798 3175 828 3227 ὲ
873 3178 911 3227 il
949 3179 1279 3237 movimento‚
1330 3176 1459 3227 tolto
1510 3176 1549 3226 il

647 3250 964 3299 movimento
985 3265 1090 3298 non
1115 3249 1158 3298 si
1180 3246 1284 3314 pud
1302 3265 1549 3314 supporre

644 3321 789 3371 nulla
826 3320 879 3369 di
922 3321 1141 3382 vivente,
1178 3319 1291 3370 cioe
1344 3321 1395 3369 di
1448 3320 1546 3369 esi-

643 3399 827 3443 stente.
863 3391 1071 3457 Eppure
1108 3391 1423 3456 Empedocle
1449 3392 1546 3441 che

645 3479 844 3529 negava
865 3463 904 3512 il
929 3471 1083 3513 vuoto
1109 3479 1214 3512 non
1238 3478 1436 3527 negava
1461 3458 1547 3528 gi&

644 3536 682 3586 il
720 3536 1050 3586 movimento.
1077 3536 1167 3585 Ma
1193 3550 1220 3582 a
1246 3535 1423 3584 coloro
1449 3533 1545 3583 che

646 3615 1022 3658 ammettevano
1058 3605 1099 3655 il
1125 3606 1442 3655 movimento
1470 3620 1546 3655 es-

645 3694 757 3731 sere
781 3678 1037 3743 originato
1073 3676 1213 3729 dalla
1252 3677 1390 3728 varia
1418 3676 1544 3726 den·

1663 1392 1758 1446 sith
1783 1395 1868 1446 dei
1892 1397 2049 1461 coi-pi,
2078 1395 2115 1445 il
2142 1400 2297 1461 poeta
2323 1395 2566 1461 risponde

1662 1467 1748 1517 nei
1786 1468 1915 1517 versi
1952 1480 2051 1531 391
2092 1483 2234 1532 segg.
2263 1491 2328 1502 —
2348 1467 2564 1531 privata

1663 1544 1931 1588 carerent:
1967 1538 2121 1589 solita
2146 1538 2461 1589 ridondanza
2487 1537 2564 1589 lu·

1664 1610 1912 1660 dreziana.

1737 1690 1856 1744 345.
1894 1683 1958 1732 V.
1998 1697 2143 1731 verso
2182 1692 2302 1746 329.

1735 1752 1853 1816 346.
1891 1752 2126 1817 quamvis
2171 1752 2410 1803 solidae...
2460 1758 2562 1816 pu-

1661 1829 1836 1873 tentur
1849 1841 1866 1871 .·
1894 1843 1915 1865 e
1935 1840 2026 1888 per
2045 1832 2236 1888 quanto
2256 1823 2301 1873 si
2319 1824 2562 1888 vogliano

1660 1910 1908 1961 supporre
1933 1895 2097 1944 solide
2124 1913 2170 1943 ι.
2194 1896 2318 1945 Non
2342 1897 2411 1943 mi
2437 1911 2561 1960 pare

1661 1967 1757 2016 che
1805 1965 1844 2014 il
1897 1966 2131 2030 quamvis
2186 1967 2338 2016 abbia
2386 1967 2475 2031 qui
2522 1966 2562 2015 il

1659 2037 1905 2102 semplice
1942 2036 2232 2101 significato
2257 2037 2341 2087 del
2381 2056 2405 2081 c
2437 2037 2560 2087 ben-

1660 2103 1753 2158 che
1783 2126 1826 2158 ι.
1846 2134 1908 2144 -
1934 2108 2134 2157 Solidae
2151 2109 2263 2159 vale
2318 2108 2369 2159 ui
2384 2103 2558 2173 πλήρη

1658 2176 1752 2245 τὴν
1788 2176 1948 2242 φύσιν
1972 2177 2109 2240 ὄντα,
2148 2198 2176 2231 e
2213 2180 2295 2231 cio
2362 2181 2415 2230 di
2452 2197 2560 2230 ma-

1660 2253 1786 2302 teria
1822 2252 1994 2314 densa,
2036 2258 2311 2317 compatta,
2338 2267 2444 2302 non
2470 2269 2561 2318 pe-

1658 2330 1855 2373 netrata
1892 2324 1945 2373 di
1982 2331 2151 2373 vuoto.

1730 2406 1856 2457 347.
1877 2394 1997 2443 hinc
2014 2412 2030 2442 .·
2056 2392 2169 2444 οἱοὲ
2196 2393 2335 2444 dalle
2358 2394 2559 2459 ragioni

1657 2466 1752 2515 che
1790 2463 1902 2516 diro
1939 2466 2045 2530 poi.
2074 2491 2141 2500 --
2168 2465 2284 2513 licet
2301 2482 2318 2515 .·
2346 2466 2364 2515 i
2392 2467 2560 2516 codici

1658 2537 1843 2586 liceret.
1883 2538 1985 2601 Qui
2022 2553 2127 2587 non
2163 2533 2250 2601 gi&
2287 2537 2373 2585 nel
2409 2553 2560 2587 senso

1658 2610 1710 2658 di
1751 2627 1775 2652 c
1821 2609 1858 2658 ti
1896 2606 1924 2657 ὲ
1959 2609 2114 2658 lecito
2151 2608 2336 2658 vedere
2375 2626 2422 2668 ι,
2475 2624 2559 2658 ma

1660 2700 1685 2723 e
1713 2680 1802 2730 hai
1837 2679 1876 2729 il
1914 2680 2069 2729 modo
2106 2680 2158 2729 di
2196 2680 2379 2730 vedere
2419 2698 2465 2729 ι.
2488 2703 2557 2716 —-

1655 2751 1756 2801 Nel
1793 2751 1924 2801 libro
1964 2751 2035 2800 VI
2073 2751 2112 2800 il
2144 2757 2300 2816 poeta
2324 2750 2558 2801 rimanda

1658 2821 1763 2887 agli
1802 2823 2082 2887 argomenti
2123 2823 2209 2886 qui
2243 2821 2394 2872 svolti
2422 2822 2558 2872 circa
2649 2846 2650 2849 ¹

1656 2893 1707 2943 le
1743 2891 1916 2941 raritd
1952 2893 2151 2942 interne
2196 2893 2281 2941 dei
2335 2893 2481 2959 corpi
2529 2909 2559 2944 e

1656 2961 1771 3015 cioe
1808 2964 1846 3013 il
1883 2972 2038 3013 vuoto
2076 2963 2172 3013 che
2208 2965 2308 3013 essi
2345 2972 2557 3014 conten·

1656 3051 1829 3100 gono:
1856 3034 1947 3096 vl,
1976 3033 2140 3099 936·7
2174 3053 2196 3076 c
2215 3035 2378 3084 Nunc
2393 3036 2560 3087 omnis

1654 3113 1875 3169 repetam
1905 3122 2058 3170 quam
2077 3122 2202 3155 raro
2225 3113 2436 3169 corpore
2454 3107 2562 3156 sint

1654 3193 1738 3226 res
1766 3177 2185 3237 commemorare,
2209 3178 2351 3241 quod
2367 3178 2424 3226 in
2444 3179 2555 3240 pri-

1655 3264 1734 3296 mo
1777 3264 1973 3312 quoque
2021 3249 2247 3297 carmine
2298 3249 2461 3297 claret
2508 3267 2553 3298 ι.

1655 3319 1924 3384 Malgrado
1949 3327 2128 3385 questo
2148 3320 2399 3369 richiamo
2420 3320 2551 3369 svol-

1653 3406 1718 3455 ge
1756 3391 1824 3440 ivi
1860 3399 2020 3441 stesso
2058 3391 2288 3456 943·958
2314 3391 2554 3457 parecehi

1653 3462 1792 3527 degli
1829 3463 2118 3526 argumenti
2142 3463 2253 3512 'che
2288 3462 2377 3528 qui
2400 3459 2553 3527 porr&

1653 3534 1707 3583 in
1743 3534 1961 3596 seguito,
1998 3550 2092 3599 per
2144 3549 2357 3600 provere
2411 3552 2436 3575 e
2474 3534 2561 3583 nil

1652 3619 1751 3655 esse
1799 3605 1855 3654 in
1895 3611 2145 3668 promptu
2181 3604 2285 3653 nisi
2332 3605 2553 3653 mixtum

1651 3684 1836 3741 corpus
1870 3676 2023 3726 inani
2058 3695 2083 3720 ι
2141 3673 2255 3741 (VI,
2292 3673 2437 3740 941).
2483 3701 2553 3712 —
