2917 4275
707 338 830 394 ¹44

702 459 806 539 qui
850 458 1037 538 magis
1082 458 1184 520 illa
1230 468 1458 536 queunt
1503 477 1699 518 rerum
1746 457 2070 538 primordia
2113 456 2235 520 dici

1369 333 1433 379 Τ.
1484 333 1749 378 Lucum
1795 334 1944 379 CARI

2483 463 2603 538 765

704 568 884 627 quam
930 559 1138 610 contra
1182 567 1278 608 res
1322 547 1558 607 illorum
1605 558 1881 624 retroque
1926 547 2165 626 putari?

702 636 942 699 alternis
986 636 1307 716 gignuntur
1352 636 1511 695 enim
1558 648 1909 714 mutantque
1955 639 2216 698 colorem

701 737 764 788 et·
806 737 992 786 totam
1038 726 1192 787 inter
1239 744 1301 784 se
1347 735 1619 785 naturam
1664 736 1934 803 tempore
1988 726 2065 785 ab
2113 723 2298 787 omni.

700 815 792 876 sin
836 815 922 875 ita
965 817 1117 875 forte
1162 823 1336 892 putas
1380 812 1533 890 ignis
1575 824 1888 891 terraeque
1932 813 2090 876 coire

2484 728 2608 799 768

2485 830 2609 888 770

701 924 916 982 corpus
965 915 1025 964 et
1069 902 1258 963 aerias
1303 922 1473 962 auras
1519 922 1835 979 roremque
1879 901 2141 981 liquoris,

699 992 785 1052 nil
831 990 894 1051 in
932 990 1189 1053 concilio
1234 1002 1506 1051 naturam
1553 1001 1618 1050 ut
1663 1001 1854 1052 mutet
1898 1010 2124 1062 eorum,

705 1084 871 1142 nulla
915 1080 1025 1141 tibi
1068 1101 1142 1141 ex
1190 1078 1305 1140 illis
1349 1078 1569 1158 poterit
1611 1099 1705 1142 res
1751 1099 1881 1140 esse
1927 1090 2138 1152 creata,

699 1189 827 1231 non
872 1170 1160 1244 animanS,
1208 1187 1332 1230 non
1379 1167 1653 1228 exanimo
1699 1188 1836 1230 cum
1881 1187 2147 1246 corpore,
2199 1177 2265 1227 ut
2310 1170 2517 1229 arbos:

700 1396 957 1462 elementi,
1034 1394 1221 1463 perche
1302 1398 1601 1446 dovremmo

700 1468 808 1518 dire
846 1468 939 1517 che
993 1485 1169 1534 acqua,
1223 1468 1341 1531 aria,
1394 1474 1527 1517 terra
1571 1484 1601 1517 e

700 1538 854 1588 fuoco
887 1555 1013 1589 sono
1036 1540 1280 1590 elementi
1302 1538 1438 1588 delle
1465 1553 1597 1597 cose,

697 1607 1040 1675 piuttostoche
1084 1611 1132 1660 le
1189 1625 1305 1659 cose
1360 1608 1604 1659 elementi

698 1680 752 1729 di
790 1680 982 1745 quelli?

771 1751 890 1815 765.
930 1754 1023 1815 qui
1075 1752 1236 1817 magis
1273 1772 1344 1792 =
1383 1767 1479 1800 cur
1507 1759 1602 1815 po-

700 1822 822 1872 tius.

771 1892 890 1956 766.
912 1902 1153 1957 retroque
1168 1895 1384 1959 putari:
1421 1895 1600 1944 sottin·

700 1965 843 2014 tendi
874 1980 957 2014 res
983 1966 1087 2013 dici
1110 1972 1159 2014 ct
1179 1973 1320 2014 retro
1347 1963 1397 2029 (e
1430 1964 1606 2015 all’in-

698 2051 841 2086 verso
884 2033 937 2100 ι)
977 2037 1167 2100 putari
1208 2037 1500 2102 primordia
1542 2038 1602 2085 il-

704 2107 891 2156 lorum.

772 2178 891 2242 767.
917 2178 1134 2227 alternis
1154 2176 1324 2241 (mser.
1352 2179 1599 2240 uternis->2

700 2245 738 2296 il
776 2248 927 2297 solito
964 2264 1058 2297 uso
1103 2249 1328 2298 assoluto
1364 2247 1434 2313 (V.
1477 2246 1603 2313 524)

702 2338 724 2362 e
770 2334 869 2368 con
923 2319 1118 2369 alterna
1171 2320 1385 2368 vicenda
1433 2339 1481 2368 ι.
1535 2347 1598 2356 -

701 2390 941 2438 colorem:
985 2409 1007 2433 e
1048 2398 1246 2455 aspetto
1288 2409 1332 2439 ι.

769 2460 873 2523 769
910 2482 982 2502 =
1025 2461 1128 2523 762
1179 2462 1401 2526 ripetuto
1447 2477 1601 2513 senza

699 2547 864 2582 senso·

770 2612 1016 2665 770·777.
1044 2603 1109 2652 Se
1145 2603 1233 2668 poi
1260 2609 1312 2651 tu
1339 2604 1478 2652 stimi
1508 2604 1600 2654 che

704 2673 920 2739 l'acqua,
942 2675 1099 2734 l'aria,
1121 2674 1171 2722 la
1190 2681 1321 2723 terra
1340 2691 1368 2724 e
1394 2674 1433 2722 il
1452 2674 1604 2723 fuoco

697 2746 818 2795 nell'
837 2746 996 2794 unirsi
1034 2762 1138 2794 non
1177 2753 1386 2793 mutano
1411 2745 1461 2793 la
1489 2746 1601 2794 loro

698 2823 891 2874 natura,
932 2832 960 2865 e
1001 2813 1111 2864 cioe
1144 2816 1443 2879 rimangano
1470 2833 1600 2865 sem-

696 2902 787 2951 pre
823 2903 1000 2953 acqua,
1041 2887 1160 2945 aria,
1201 2894 1329 2937 terra
1364 2903 1393 2936 e
1430 2886 1600 2945 fuoc0‚

697 2957 857 3006 allora
894 2959 1067 3008 niente
1115 2958 1179 3006 da
1216 2958 1314 3007 essi
1362 2956 1473 3007 sarit
1509 2974 1598 3021 ge-

697 3035 898 3078 nerato:
927 3029 970 3077 si
996 3029 1192 3080 troverh
1216 3029 1301 3079 nel
1329 3029 1600 3093 miscuglio

697 3100 840 3149 unita
877 3100 1016 3148 l'aria
1055 3100 1156 3149 alla
1183 3109 1314 3149 terra
1346 3117 1374 3150 e
1399 3101 1600 3165 I'acqua

697 3169 779 3218 col
816 3169 994 3230 fuoco;
1045 3187 1150 3220 non
1187 3172 1331 3221 altro.
1371 3171 1435 3219 V.
1478 3178 1598 3220 nota

700 3258 729 3289 a
751 3238 1017 3304 ·778-781.
1066 3257 1090 3284 0

770 3323 888 3374 771.
927 3314 1096 3362 aie'rias
1145 3328 1344 3361 auras.-
1393 3308 1505 3361 cioe
1542 3314 1598 3362 in

696 3383 785 3443 IV,
832 3396 962 3448 9333
1019 3384 1082 3446 V,
1144 3393 1274 3447 5023
1332 3383 1598 3448 frequente

695 3455 831 3503 airis
869 3470 1030 3504 aurae
1068 3455 1108 3514 Ι,
1149 3465 1269 3516 207,
1309 3453 1426 3514 801,
1479 3453 1597 3517 803,

705 3524 857 3587 1087;
908 3526 972 3585 ΙΙ,
1015 3538 1119 3586 204
1156 3539 1258 3575 ecc.
1299 3552 1363 3562 -
1401 3542 1597 3575 rorem·

698 3612 795 3659 que
818 3597 1039 3659 liquoris
1054 3613 1070 3644 .·
1117 3613 1207 3661 per
1233 3596 1456 3646 indicare
1480 3597 1599 3645 l’ac·

697 3682 801 3731 qua
863 3682 1007 3718 corne
1077 3667 1333 3718 elemento
1362 3685 1375 3727 ;
1437 3667 1598 3717 anche

1708 1395 2123 1461 semplicemente
2169 1411 2290 1445 rore
2334 1411 2380 1444 v,
2422 1404 2540 1458 777,
2580 1411 2616 1445 o

1707 1467 2123 1532 semplicemente
2142 1467 2317 1530 liquor
2337 1477 2366 1529 7
2378 1479 2439 1530 13
2454 1484 2466 1527 ;
2486 1467 2609 1516 ado-

1707 1553 1830 1604 pera
1860 1538 2019 1587 anche
2043 1552 2219 1603 spesso
2242 1539 2400 1586 imber
2421 1553 2468 1588 v.
2489 1547 2610 1602 715,

1710 1607 1830 1671 784.
1867 1609 2223 1673 Lympharum
2258 1624 2378 1657 rore
2413 1609 2468 1657 in
2504 1609 2612 1670 496

1708 1696 1799 1746 per
1845 1679 2129 1744 significare
2178 1679 2390 1744 l'acqua
2425 1679 2519 1729 che
2568 1681 2612 1729 si

1709 1766 1854 1801 versl.

1783 1832 1902 1885 772.
1942 1829 2037 1871 ut:
2075 1820 2282 1869 l'antico
2339 1828 2613 1872 correttore

1710 1892 1794 1943 del
1837 1894 2134 1954 Quadratus
2170 1908 2261 1957 per
2298 1901 2359 1941 et.

1782 1974 1901 2026 774.
1939 1965 2216 2012 animans:
2254 1962 2461 2012 ieodici
2496 1964 2610 2012 ani-

1710 2051 1833 2083 mas.
1873 2033 2168 2084 Corressero
2206 2035 2451 2092 Pontan0,
2496 2034 2609 2083 Ma-

1709 2106 1856 2165 runc,
1897 2120 1999 2156 ecc.
2038 2106 2297 2155 Animam·
2343 2101 2372 2154 ὲ
2420 2105 2608 2171 adope-

1709 2186 1818 2227 rato
1855 2176 2303 2227 sostantivamente
2340 2177 2406 2224 da
2456 2178 2609 2226 Lucr.

1709 2248 1759 2296 al
1795 2249 2050 2312 singolare
2105 2264 2133 2297 e
2187 2247 2238 2296 al
2287 2247 2498 2312 plurale,
2559 2248 2610 2296 {al

1709 2319 2023 2369 nominativo
2070 2335 2098 2368 e
2147 2319 2250 2383 agli
2305 2318 2421 2367 altri
2469 2319 2604 2380 casi;

1709 2390 1798 2439 cfr.
1838 2390 1877 2449 1,
1918 2388 2048 2450 8083
2099 2390 2164 2448 II,
2206 2400 2335 2452 9373
2389 2391 2480 2449 ΙΙΙ,
2520 2400 2608 2452 97,

1711 2471 1809 2525 573
1850 2476 1950 2509 ecc.
1994 2487 2059 2497 —
2086 2462 2323 2508 exanimo
2359 2477 2474 2508 cum
2501 2477 2608 2509 cor·

1702 2539 1860 2595 pore.-
1902 2549 1926 2574 ε
1967 2531 2016 2581 le
2060 2546 2177 2580 cose
2230 2531 2508 2580 inanimate
2561 2550 2606 2580 ο.

1708 2603 2089 2668 L'espressione
2124 2602 2176 2651 fa
2211 2602 2261 2652 le
2298 2602 2407 2651 veci
2444 2602 2498 2650 di
2535 2617 2605 2651 un

1709 2674 2005 2724 sostantiVO.
2053 2672 2156 2722 cfr.
2208 2674 2356 2723 Livio
2412 2672 2607 2732 XXIII,

1711 2758 1792 2806 21,
1835 2757 1893 2793 2:
1941 2765 1964 2788 c
2002 2746 2207 2809 priores
2260 2761 2323 2792 ex
2378 2744 2607 2793 Sicilia...

1707 2816 1949 2864 recitatae
1985 2823 2114 2864 sunt
2156 2834 2180 2858 ι
2221 2816 2350 2863 dove
2399 2815 2440 2863 il
2487 2813 2607 2865 Rie-

1709 2902 1862 2935 mann
1884 2884 1935 2950 (c
1959 2888 2270 2950 Remarques
2294 2901 2389 2934 sur
2411 2885 2463 2934 la
2489 2884 2607 2934 lan-

1702 2973 1803 3021 gue
1852 2958 1911 3005 de
1956 2957 2023 3006 T.
2070 2957 2132 3006 L.
2176 2977 2200 3000 ι
2247 2957 2301 3005 in
2349 2956 2469 3005 ediz.
2522 2957 2607 3006 dei

1708 3027 1826 3076 libri
1881 3027 2074 3086 XXIII,
2126 3027 2302 3076 XXIV
2356 3041 2384 3078 e
2440 3027 2606 3085 XXV,

1707 3099 1863 3158 PariS‚
1902 3100 2168 3157 Hachette‚
2202 3096 2348 3162 1883,
2389 3116 2438 3164 p.
2480 3096 2608 3163 335)

1708 3178 1926 3219 annota:
1971 3190 1996 3214 ε
2040 3169 2088 3219 le
2126 3170 2256 3234 sujet
2283 3178 2359 3220 est
2384 3169 2609 3218 evidem-

1709 3248 1850 3291 ment
1907 3258 1968 3289 ex
2024 3241 2200 3290 Sicilia
2256 3242 2344 3305 qui
2405 3239 2607 3304 signifie

1714 3331 1738 3355 ι
1780 3311 1909 3362 celle
1946 3312 2010 3362 de
2046 3310 2198 3361 Sicile
2242 3328 2266 3354 ι
2306 3307 2385 3376 (αι’
2418 3307 2479 3360 ἐκ
2518 3314 2607 3376 τῆς

1706 3379 1990 3446 Σικελίας),
2007 3383 2206 3432 litterae
2225 3384 2365 3432 etant
2378 3398 2608 3432 sous-en-

1708 3454 1880 3504 tendu.
1920 3452 2038 3503 Cosi
2089 3453 2143 3502 in
2192 3454 2404 3503 Metam.
2442 3455 2482 3512 I,
2523 3465 2605 3511 20,

1707 3527 1817 3576 sine
1847 3527 2074 3588 pondere
2121 3524 2159 3574 il
2208 3524 2408 3574 Merkel
2457 3522 2606 3588 (ediz.

1706 3612 1757 3660 p.
1797 3597 1896 3658 VI)
1946 3596 2221 3662 interpreta
2257 3611 2403 3646 come
2440 3595 2606 3644 nomi-

1705 3667 1893 3716 nativo.
