2917 4275
681 309 764 381 48
1340 321 1402 368 T.
1450 320 1716 366 mentm
1765 337 1772 358 2
1831 355 1836 360 .

682 447 873 509 exitus
918 459 985 508 ut
1028 447 1200 509 classi
1244 446 1385 508 felix
1428 426 1771 526 faustusque
1818 450 2073 510 daretur.

2463 471 2583 510 100

679 548 911 598 tantum
956 537 1165 616 religio
1210 536 1403 616 potuit
1448 539 1698 598 suadere
1743 540 2052 601 malorum.

766 630 1048 688 Tutemet
1091 649 1127 686 a
1171 626 1349 688 nobis
1393 626 1512 687 iam
1559 625 1773 706 quovis
1820 636 2089 705 tempore
2137 638 2340 689 vatum

677 715 1013 794 terriloquis
1060 716 1249 778 victus
1295 715 1468 777 dictis
1512 715 1840 778 desciscere
1885 736 2153 794 quaereS.

676 804 901 884 quippe
948 805 1167 866 etenim
1215 824 1393 883 quam
1439 807 1628 866 multa
1673 803 1782 866 tibi
1827 804 1944 865 iam
1989 809 2213 884 fingere
2258 818 2509 885 possunt

611 960 615 965 ,
674 895 921 969 somnia,
969 914 1123 973 quae
1170 894 1325 954 vitae
1370 894 1628 954 rationes
1673 905 1902 955 vertere
1947 896 2176 973 possint

2461 915 2576 976 105

674 986 1059 1062 fortunasque
1103 994 1235 1045 tuas
1283 983 1477 1044 omnis
1523 985 1764 1044 turbare
1807 983 2054 1046 timore!

673 1082 734 1132 et
777 1072 1019 1134 merito:
1070 1093 1209 1134 nam
1254 1071 1304 1132 si
1350 1083 1571 1134 certam
1617 1075 1798 1133 finem
1844 1092 1974 1134 esse
2027 1072 2298 1135 viderent

670 1181 1086 1224 aerumnarum
1133 1161 1421 1236 homineS‚
1472 1162 1668 1240 aliqua
1714 1161 1943 1223 ratione
1989 1165 2254 1224 valerent

668 1249 1053 1328 religionibus
1096 1261 1275 1330 atque
1321 1251 1502 1311 minis
1547 1250 1838 1314 obsistere
1886 1261 2128 1312 vatum:

670 1359 832 1401 nunc
874 1340 1023 1402 ratio
1068 1343 1289 1401 nullast
1331 1339 1611 1415 restandi,
1659 1343 1824 1400 nulla
1870 1343 2132 1416 facultaS,

2461 1363 2576 1403 110

670 1440 940 1490 aeternas
982 1430 1265 1508 quoniam
1313 1450 1537 1508 poenas
1581 1429 1646 1490 in
1691 1440 1885 1490 morte
1931 1430 2340 1491 timendumst.

668 1673 823 1725 ciulla
867 1675 911 1724 si
960 1676 1084 1726 offre
1140 1677 1316 1726 invece
1370 1676 1570 1733 vittima

666 1746 949 1796 volontarie.
983 1762 1075 1811 per
1111 1747 1160 1796 la
1189 1747 1409 1797 salvezza
1432 1747 1569 1798 della

670 1817 827 1869 flotta.

744 1901 859 1940 100.
909 1890 1124 1938 daretur
1143 1907 1160 1938 .·
1215 1886 1325 1940 cioe
1371 1908 1403 1939 a
1452 1891 1566 1940 diis.

667 1961 860 2024 Questa
896 1955 925 2009 ὲ
950 1961 1010 2009 'la
1045 1963 1224 2027 religio
1257 1981 1280 2006 α
1312 1960 1363 2010 la
1389 1977 1565 2025 super-

666 2025 885 2082 stizione'
911 2051 955 2082 ι.
986 2031 1031 2082 11
1055 2040 1207 2097 poeta
1231 2049 1443 2099 prepara
1469 2049 1566 2082 con

666 2110 847 2169 questo
902 2118 1047 2153 verso
1084 2105 1120 2153 il
1158 2104 1428 2170 passaggio
1467 2104 1567 2154 alla

664 2175 991 2225 conclusione
1030 2174 1199 2235 finale,
1249 2192 1476 2241 espressa
1511 2177 1566 2227 in

664 2246 829 2295 forma
864 2246 1203 2297 esclamativa.

742 2330 855 2367 102.
905 2324 1114 2367 tutemet
1132 2336 1151 2369 .·
1204 2338 1228 2363 ι
1274 2334 1355 2366 ma
1404 2319 1565 2368 anche

664 2394 721 2438 tu
764 2403 817 2447 »ς
857 2384 969 2437 οἰοὲ
1010 2410 1033 2431 α
1074 2390 1235 2440 anche
1262 2396 1331 2452 tu,
1361 2388 1455 2439 che
1479 2390 1563 2439 hai

660 2456 747 2523 gia
800 2460 941 2509 vinto
974 2457 1047 2511 ¹le
1102 2460 1455 2527 superstizioni
1515 2481 1560 2525 ι,

661 2529 819 2596 (delle
856 2530 997 2596 quali
1033 2531 1072 2581 il
1099 2539 1253 2597 poeta
1278 2532 1344 2581 ha
1368 2532 1565 2597 parlato

660 2602 839 2667 prima,
880 2618 955 2651 vv,
997 2601 1237 2668 8o·101).
1284 2628 1339 2639 ·-
1383 2606 1564 2667 quovis

660 2681 916 2739 tempore.-
970 2674 1057 2723 noi
1117 2694 1140 2718 e
1182 2691 1283 2724 una
1337 2675 1476 2724 volta
1529 2690 1561 2723 o

659 2744 824 2795 l’altra
863 2764 909 2797 »-

736 2829 849 2878 104.
875 2817 1086 2882 quippe:
1113 2814 1142 2866 ὲ
1169 2818 1445 2883 adoperato
1471 2833 1554 2881 ge-

658 2888 971 2939 neralmente
1008 2888 1072 2937 da
1110 2890 1368 2949 Lucrezi0,
1411 2905 1560 2939 senza

657 2958 694 3007 il
726 2974 972 3023 pronome
998 2960 1225 3020 relativo,
1253 2968 1447 3010 eccetto
1473 2960 1559 3009 nel

657 3030 768 3079 solo
805 3046 953 3095 passo
1002 3032 1095 3089 111,
1142 3040 1289 3095 1075.
1338 3057 1403 3066 ——
1435 3038 1558 3095 pos-

656 3108 814 3150 sunt:
863 3097 892 3149 ὲ
928 3103 1214 3151 correzione
1263 3104 1429 3152 antica
1474 3102 1559 3153 del

656 3171 892 3231 Marullo,
965 3189 1057 3237 per
1128 3174 1161 3221 1·
1179 3173 1558 3237 insignificante

648 3253 875 3309 possum.
929 3243 976 3292 Il
1030 3244 1333 3304 Siebelis,
1392 3246 1556 3306 Quae-

655 3315 843 3364 stiones
865 3315 1224 3373 Luce-etiamn,
1255 3333 1305 3381 p.
1334 3330 1425 3379 3-4
1450 3317 1556 3367 cosi

657 3386 812 3451 opina
838 3385 913 3434 sia
936 3386 1001 3434 cla
1026 3386 1296 3436 emendare
1320 3387 1359 3435 il
1384 3404 1554 3439 verso:

661 3477 685 3502 ι
708 3457 901 3523 Quippe
912 3457 1092 3506 etenim
1105 3474 1263 3521 quam
1275 3455 1439 3508 multa
1451 3461 1554 3519 tibi,

657 3544 745 3577 nec
756 3528 961 3593 fingere
977 3536 1205 3593 possum,
1234 3529 1443 3578 Somnia
1464 3550 1506 3593 t,
1529 3548 1557 3580 e

654 3597 759 3649 cosi
778 3600 979 3665 spiega:
1011 3619 1035 3644 ι
1052 3616 1205 3663 quam
1233 3601 1396 3649 multa
1416 3602 1553 3651 enim

655 3670 747 3719 tibi
777 3672 975 3722 somnia
1010 3679 1148 3730 sunt,
1196 3688 1261 3722 ne
1308 3672 1552 3738 effingere

1676 1677 1879 1741 quidem
1907 1685 2118 1743 possum
2147 1678 2321 1727 animo
2344 1697 2388 1729 ι.
2418 1679 2507 1728 Ma
2527 1680 2582 1729 la

1676 1748 1807 1797 frase
1845 1743 1874 1796 ὲ
1910 1755 2153 1808 contorta,
2191 1749 2231 1798 il
2268 1765 2359 1798 nec
2404 1746 2433 1798 ὲ
2469 1752 2578 1817 ipo-

1677 1819 1844 1882 teticO,
1882 1837 1911 1870 e
1950 1819 1989 1868 il
2025 1835 2175 1870 senso
2213 1836 2318 1870 non
2357 1817 2386 1870 ὲ
2421 1821 2459 1872 il
2489 1817 2580 1887 piu

1675 1891 1863 1941 adatt0.
1903 1891 2006 1954 Qui
2033 1887 2062 1939 ὲ
2089 1892 2319 1942 naturale
2358 1893 2452 1942 che
2477 1893 2577 1942 l’A.

1673 1961 1816 2010 dica:
1861 1981 1883 2004 α
1927 1978 2028 2010 una
2063 1963 2201 2012 volta
2225 1978 2257 2012 o
2283 1963 2446 2012 l'altra
2471 1979 2576 2014 cer-

1674 2033 1842 2082 cherai
1861 2033 2276 2098 abbandonar-mi,
2298 2035 2439 2084 vinto
2463 2035 2573 2084 dal·

1673 2105 1723 2155 le
1764 2119 1980 2170 paurose
2034 2105 2208 2171 parole
2263 2105 2346 2157 dei
2401 2108 2518 2167 vati,
2558 2107 2577 2157 i

1622 2178 1626 2183 “
1673 2176 1814 2242 quali
1853 2176 1942 2225 tali
1977 2178 2163 2227 visioni
2201 2194 2230 2228 e
2267 2178 2358 2227 tali
2396 2178 2573 2227 imma·

1671 2248 1782 2312 gini
1818 2249 2064 2309 forman0,
2112 2248 2206 2299 che
2255 2249 2321 2297 da
2377 2266 2486 2300 esse
2524 2250 2574 2301 le

1673 2326 1759 2369 tue
1795 2319 1984 2370 facolta
2020 2337 2049 2370 e
2085 2320 2135 2369 la
2171 2328 2258 2369 tua
2292 2320 2395 2370 vita
2431 2321 2574 2371 sieno

1672 2390 1934 2441 sconvolte
1976 2410 2020 2440 ι.

1751 2470 1866 2525 105.
1902 2464 2129 2511 somnia:
2170 2482 2194 2507 ι
2236 2462 2505 2527 immagini
2546 2482 2570 2507 ι

1673 2549 1704 2582 o
1745 2553 1769 2577 c
1810 2534 1995 2583 visioni
2030 2533 2390 2583 d'oltretomba
2430 2553 2474 2582 ι.

1748 2604 1862 2653 106.
1901 2605 2265 2668 fortunasque
2301 2612 2419 2653 tuas
2469 2622 2574 2653 om-

1668 2677 1781 2725 nis.-
1843 2694 1866 2719 α
1916 2675 2034 2725 tutti
2070 2676 2088 2723 i
2137 2676 2260 2726 beni
2308 2676 2362 2725 di
2397 2676 2480 2725 cui
2516 2682 2572 2725 tu

1667 2746 1790 2811 godi
1836 2763 1878 2796 ι.

1745 2829 1860 2880 107.
1911 2826 1960 2867 et
2007 2819 2216 2867 merito:
2277 2836 2302 2860 e
2347 2835 2375 2868 e
2426 2816 2506 2869 οἱὸ
2544 2815 2573 2867 ὲ

1667 2888 1897 2939 naturale
1939 2908 1980 2937 a,
2025 2914 2092 2925 -·
2145 2896 2334 2939 certam
2373 2890 2534 2949 finem
2546 2907 2573 2939 ..·

1666 2976 1759 3026 per
1795 2960 2157 3011 documentare
2201 2960 2356 3015 linem
2393 2960 2567 3013 femm.

1666 3038 1880 3097 apporta
1915 3031 1955 3079 il
1991 3048 2134 3081 verso
2171 3031 2343 3080 Nonio
2369 3041 2490 3097 205,
2519 3050 2569 3097 9.

1666 3105 1712 3153 E
1760 3118 1934 3167 presso
1983 3103 2229 3154 Lucrezio
2285 3098 2314 3150 ὲ
2367 3120 2570 3169 sempre

1666 3174 1967 3224 femminile.

1743 3242 1857 3295 108.
1883 3246 2062 3309 aliqua
2082 3246 2282 3294 ratione
2302 3247 2570 3296 valerent:

1671 3336 1695 3361 ι
1736 3316 2012 3366 avrebbero
2037 3333 2108 3366 un
2133 3316 2288 3365 modo
2315 3334 2406 3381 per
2432 3334 2568 3369 esser

1666 3388 1786 3437 forti
1822 3403 1903 3438 a...
1946 3407 1990 3438 ι.

1742 3471 1855 3526 109..
1893 3460 2225 3524 religionibus
2271 3467 2427 3524 atque
2474 3462 2567 3510 mi·

1665 3531 1779 3579 nis:
1818 3550 1842 3575 ι
1886 3546 2103 3595 paurose
2129 3532 2481 3595 superstizioni
2519 3552 2562 3580 ι.

1741 3614 1854 3651 110.
1894 3602 2130 3651 restandi
2163 3622 2234 3642 =
2277 3604 2566 3652 obsistendi.

1741 3686 1855 3722 111.
1887 3680 2162 3738 poenas...
2201 3675 2566 3724 timendumst:
