2917 4275
730 305 851 376 176

1406 319 1466 364 Τ.
1515 315 1782 360 LUCRRTI
1828 317 1865 360 C
1875 319 1972 358 AR!

728 441 924 502 omnis
970 440 1127 502 enim
1172 444 1339 503 locus
1386 463 1457 504 ac
1503 441 1778 520 spatium,
1829 445 1994 519 quod
2040 441 2215 503 inane
2257 463 2547 512 vocamus,

726 551 837 610 per
871 531 1156 603 medium,
1206 551 1313 608 per
1357 551 1482 592 non
1513 530 1799 604 medium,
1835 533 2168 592 concedere
2215 533 2374 591 debet

2473 549 2650 612 1075

728 639 921 698 aeque
964 619 1353 698 ponderibus,
1402 631 1602 682 motus
1645 639 1764 696 qua
1809 639 2066 696 cumque
2111 621 2418 696 feruntur;

728 729 842 770 nec
886 707 1200 786 quisquam
1249 712 1415 770 locus
1463 719 1568 782 est,
1619 728 1742 786 quo
1789 729 2040 786 corpora
2081 728 2219 770 cum
2265 721 2578 785 venerunt,

728 796 1010 876 ponderis
1054 797 1269 858 amissa
1312 797 1370 857 vi
1417 797 1646 877 possint
1691 807 1844 857 stare
1889 797 1954 856 in
1998 797 2186 872 inani,

728 906 843 948 nec
888 887 1052 964 quod
1096 886 1275 946 inane
1322 896 1575 947 autemst
1619 886 1726 946 ulli
1771 885 2090 947 subsistere
2135 887 2338 960 debet,

730 975 897 1052 quin,
944 993 1052 1036 sua
1097 977 1260 1053 quod
1305 987 1516 1037 natura
1559 975 1727 1055 petit,
1779 978 2112 1037 concedere
2157 985 2380 1054 pergat.
2461 979 2640 1038 1080

720 1239 849 1288 altra
887 1240 1113 1290 maniera
1150 1237 1203 1304 (e
1240 1235 1351 1290 cioe
1388 1255 1420 1288 o
1458 1256 1551 1306 per
1585 1241 1625 1289 il

718 1311 927 1378 proprio
974 1326 1113 1375 pe50,
1154 1326 1187 1359 0
1224 1327 1315 1376 per
1363 1311 1622 1376 rimbale,

716 1396 753 1430 0
784 1398 876 1446 per
899 1379 1055 1446 ictus)
1080 1397 1281 1434 essetne
1318 1381 1487 1448 spinte
1512 1382 1624 1432 lon-

718 1458 857 1502 tano.

794 1533 963 1586 1074·
985 1523 1134 1585 1076.
1210 1521 1473 1589 Proprieth
1539 1523 1623 1573 del

717 1601 874 1651 vuoto
924 1591 953 1643 ὲ
989 1595 1022 1642 1’
1044 1589 1168 1652 εἴξις
1219 1593 1330 1644 εἰοὲ
1367 1595 1403 1643 il
1442 1595 1622 1645 cedere

718 1666 769 1714 al
793 1681 932 1730 peso,
966 1666 1192 1731 Dunque
1217 1667 1377 1716 anche
1403 1666 1441 1714 il
1467 1673 1621 1715 vuoto

717 1737 811 1787 che
869 1732 899 1784 ὸ
952 1744 1226 1786 attraverso
1280 1737 1318 1786 il
1372 1744 1621 1801 supposto

716 1815 881 1874 punto
906 1807 1078 1857 medio
1102 1807 1221 1856 dell'
1234 1808 1474 1857 universo
1492 1808 1619 1857 deve

716 1880 898 1930 cedere
952 1878 1037 1928 all'
1065 1879 1315 1930 universo,
1372 1879 1491 1927 Non
1553 1879 1619 1928 ha

716 1951 897 2016 quindi
936 1951 1144 2014 ragione
1180 1951 1233 1999 di
1284 1967 1449 2000 essere
1487 1951 1520 1997 l’
1545 1956 1618 1998 at-

718 2023 941 2071 trazione
990 2021 1041 2070 al
1091 2027 1280 2071 centr0.
1332 2021 1417 2070 Gli
1470 2020 1618 2070 stoici

716 2099 1009 2143 veramente
1034 2099 1367 2141 sostenevano
1393 2091 1514 2144 nell’
1535 2092 1616 2141 in-

716 2172 861 2213 terno
913 2164 1031 2213 dell’
1054 2163 1290 2213 universo
1332 2178 1438 2213 non
1485 2179 1620 2213 esser

714 2242 885 2291 vu0t0‚
920 2250 1056 2282 esser
1092 2232 1237 2283 bensi
1277 2236 1388 2283 tutt'
1413 2236 1619 2283 intorno

715 2320 800 2353 ma
838 2304 872 2351 1’
892 2304 1335 2367 argomentazione
1371 2320 1477 2353 non
1503 2321 1619 2353 rnu-

713 2381 798 2425 ta:
863 2375 905 2423 si
966 2390 1234 2439 supponga
1297 2390 1424 2440 pure
1485 2382 1618 2427 tutto

710 2452 973 2511 eompatto
1020 2446 1060 2493 il
1110 2446 1332 2496 mondo:
1386 2446 1425 2494 il
1461 2455 1617 2497 vuoto

714 2532 746 2565 o
782 2517 875 2567 che
908 2516 981 2580 gli
1017 2516 1114 2565 stia
1139 2516 1186 2564 d·
1210 2517 1413 2566 intorno
1450 2532 1483 2565 0
1521 2518 1618 2568 che

713 2588 785 2653 gli
823 2588 956 2653 passi
998 2595 1269 2637 attraverso
1302 2588 1388 2638 nel
1427 2604 1611 2648 mezzO,

712 2659 839 2709 deve
866 2660 1045 2709 cedere
1070 2658 1134 2706 ad
1154 2674 1283 2719 esse,
1305 2676 1333 2708 e
1359 2658 1396 2707 il
1424 2660 1615 2708 mondo

710 2731 889 2779 cadere
945 2730 1000 2777 in
1058 2724 1163 2792 giu.
1213 2729 1313 2779 Nel
1369 2746 1415 2779 v.
1480 2742 1616 2793 1074

712 2817 953 2849 vocamus
991 2797 1019 2848 ὲ
1058 2800 1224 2848 sicuro
1250 2800 1613 2866 supplemento

645 2899 653 2906 -
711 2870 795 2920 del
834 2871 1087 2932 Marullo;
1128 2871 1213 2919 nel
1245 2878 1492 2934 seguente
1530 2872 1613 2921 de-

712 2943 793 2991 bet
813 2942 870 2990 fu
896 2942 1125 3007 supplito
1154 2942 1237 2991 dal
1275 2941 1611 2993 Wackefield.

787 3023 938 3076 1075.
974 3022 1069 3076 per
1096 3029 1200 3061 non
1238 3015 1491 3061 medium:
1533 3031 1611 3063 ar-

700 3082 816 3132 -dita
877 3082 1222 3134 costruzione:
1285 3100 1332 3133 v·
1396 3085 1611 3149 esempii

708 3152 866 3202 simili
927 3154 1013 3203 nel
1073 3154 1290 3205 Munr0:
1354 3156 1407 3203 di
1461 3155 1612 3205 Lucr.

708 3222 799 3275 cfr.
848 3224 915 3283 11,
964 3238 1092 3286 930:
1136 3245 1160 3267 c
1202 3242 1266 3275 ex
1304 3242 1408 3273 non
1456 3226 1614 3275 sensi-

708 3296 802 3345 bus
845 3312 869 3337 υ
900 3310 927 3344 e
955 3308 1058 3359 932
1101 3315 1125 3339 c
1166 3312 1199 3343 a
1237 3312 1342 3344 non
1368 3312 1522 3344 sensu
1568 3316 1612 3346 a»,

784 3366 935 3427 1076.
992 3382 1185 3429 aeque:
1241 3382 1332 3432 per
1385 3368 1612 3432 Epicuro

709 3437 826 3485 tutti
877 3438 894 3485 i
937 3436 1077 3503 corpi
1114 3438 1285 3485 hanno
1332 3438 1418 3486 nel
1453 3445 1611 3488 vuoto

704 3507 759 3555 la
796 3509 1073 3559 medesima
1110 3504 1341 3568 velocith,
1378 3517 1610 3573 appunto

704 3577 891 3643 perche
922 3581 1006 3629 nel
1032 3587 1184 3629 vuoto
1210 3578 1385 3629 niente
1420 3580 1484 3628 ad
1511 3580 1609 3629 essi

700 3648 747 3699 si
800 3666 1036 3716 oppone;
1086 3652 1177 3701 cfr.
1231 3667 1307 3717 pr.
1352 3650 1506 3715 Diog.
1546 3651 1607 3703 L.

1721 1239 1801 1298 X,
1839 1239 1940 1289 61:
1978 1235 2085 1289 Καὶ
2120 1234 2228 1304 μὴν
2265 1235 2357 1288 καὶ
2383 1235 2638 1304 ἰσοταχεῖς

1733 1306 2018 1374 ἀναγκαῖον
2072 1306 2163 1366 τὰς
2218 1306 2444 1374 ἀτόμους
2489 1306 2638 1372 εἶναι,

1733 1378 1856 1430 ὅταν
1894 1378 1980 1431 διὰ
2017 1385 2110 1431 τοῦ
2153 1385 2312 1432 κενοῦ
2347 1377 2638 1446 εἷσῳέρων·

1734 1469 1814 1502 ται
1833 1448 2068 1518 βηθενός
2086 1449 2497 1512 ἀντικόπτοντος,
2519 1449 2639 1502 οὔτε

1731 1519 1830 1588 γὰρ
1867 1520 1930 1572 τὰ
1964 1521 2132 1588 βαρέα
2168 1521 2361 1574 θᾶττον
2394 1521 2642 1588 οἶσθήσε·

1731 1612 1812 1644 ται
1851 1598 1958 1644 τῶν
1992 1597 2208 1658 μικρῶν
2255 1591 2347 1644 καὶ
2389 1593 2638 1658 κούφων,

1729 1663 1855 1715 ὅταν
1889 1683 1948 1731 γε
1983 1661 2049 1732 δὴ
2086 1660 2253 1730 μηδὲν
2301 1662 2503 1730 ἀπαντᾷ
2539 1663 2635 1716 αὖ·

1730 1741 1855 1795 ταῖς,
1919 1734 2038 1786 οὔτε
2093 1734 2154 1786 τὰ
2215 1733 2384 1801 μικρὰ
2437 1734 2638 1802 βραδύ-

1729 1824 1881 1871 τερον
1915 1811 2022 1857 τῶν
2057 1804 2315 1872 μεγάλων,
2337 1805 2505 1857 πάντα
2541 1806 2638 1856 πό-

1727 1895 1823 1942 ρον
1890 1877 2185 1943 σῦμμετρον
2251 1876 2452 1943 ἔχοντα,
2512 1877 2641 1928 ὅταν

1725 1943 1901 2012 μηθὲν
1923 1945 2062 2014 μηδὲ
2085 1948 2303 2006 ἐκείνοις
2329 1946 2630 2014 ἀντικόπτῃ.

1727 2019 1830 2070 Cfr.
1872 2022 2033 2072 anche
2057 2022 2220 2070 scolio
2257 2037 2288 2070 a
2323 2019 2359 2086 ξ
2383 2034 2453 2082 43
2491 2019 2564 2086 (p.
2599 2019 2638 2070 8

1731 2089 1940 2153 Usener,
1983 2091 2280 2157 Epicurea).

1806 2176 1955 2225 1077.
2015 2165 2285 2227 quisquam
2345 2162 2524 2212 locres:
2587 2163 2632 2212 si

1727 2234 2082 2300 aspetterebbe
2125 2235 2268 2283 ullus
2315 2234 2458 2283 locus
2476 2253 2499 2292 ,·
2549 2250 2634 2282 ma

1729 2306 1985 2371 frequenti
2021 2303 2235 2370 esempii
2285 2306 2328 2353 si
2367 2306 2540 2355 hanno
2575 2304 2630 2353 di

1727 2378 2004 2440 quisquam
2075 2376 2350 2441 adoperato
2422 2376 2477 2425 in
2539 2390 2636 2425 uso

1727 2446 2050 2511 aggettivale.

1803 2516 1955 2579 1078.
1987 2526 2157 2568 stare:
2192 2518 2372 2584 quindi
2398 2533 2632 2583 neppure

1723 2588 1775 2637 le
1825 2590 1970 2647 ssere,
2018 2589 2283 2654 >malgrado
2331 2588 2555 2639 abbiano
2593 2589 2632 2637 il

1724 2660 1837 2709 loro
1884 2667 2074 2719 centn-0,
2127 2675 2348 2726 possono
2403 2660 2632 2709 sottrarsi

1723 2729 1825 2779 alla
1861 2730 2012 2794 legge
2048 2731 2101 2779 di
2137 2731 2496 2795 gravitazione.

1801 2810 1954 2863 1079.
1983 2803 2254 2851 subsistere
2280 2804 2438 2865 quin:
2473 2820 2497 2846 t
2524 2797 2632 2867 pub

1723 2870 1801 2921 far
1849 2886 1998 2921 senza
2033 2872 2086 2920 di
2124 2891 2178 2934 »;
2231 2888 2316 2921 ma
2365 2868 2456 2937 piu
2493 2872 2624 2921 chia·

1722 2950 1949 2993 ramente
1999 2942 2051 2991 in
2109 2944 2161 2993 11
2209 2953 2308 3007 235
2367 2960 2398 2993 e
2449 2959 2624 3007 segg.:

1722 3029 1886 3077 neque
1923 3014 2029 3062 ullo
2069 3014 2318 3078 Tempore
2343 3015 2500 3063 inane
2539 3023 2625 3078 po-

1723 3091 1824 3133 test
1839 3100 2062 3138 vacuum
2081 3086 2356 3134 subsistere
2376 3087 2468 3143 rei,
2491 3086 2634 3145 Quin

1723 3170 1818 3203 sua
1857 3156 2000 3218 quod
2030 3163 2228 3205 natura
2268 3158 2418 3219 petit,
2457 3171 2626 3204 conce·

1723 3225 1841 3273 dere
1869 3232 2061 3291 pergat
2098 3244 2122 3267 a>
2175 3242 2198 3269 α
2240 3225 2318 3275 far
2355 3226 2624 3276 resistenza

1723 3294 1773 3343 al
1810 3310 1967 3360 corpo
1998 3303 2224 3361 pesante,
2253 3313 2344 3362 per
2381 3298 2534 3346 modo
2563 3296 2626 3346 da

1722 3381 1827 3415 non
1855 3364 2064 3417 lasciare
2087 3366 2127 3416 il
2157 3376 2306 3432 posto
2332 3368 2397 3417 ad
2435 3383 2547 3417 esso
2581 3386 2626 3419 ι.

1763 3454 1770 3461 ·
1801 3435 1948 3486 1080.
1987 3454 2083 3486 sua
2121 3439 2265 3502 quod
2294 3446 2492 3488 natura
2535 3446 2626 3502 pe-

1724 3507 1821 3558 tit:
1870 3508 1909 3557 il
1955 3510 2284 3559 coniunctum
2333 3509 2419 3561 del
2473 3516 2632 3558 vuoto

1720 3573 1750 3625 e
1803 3574 2000 3637 1ἐῖξις,
2055 3579 2088 3629 1’
2109 3580 2353 3641 intactus,
2415 3580 2531 3631 vedi
2586 3580 2626 3629 il

1718 3664 1863 3699 verso
1899 3658 2022 3714 454.
