2917 4275
994 321 1077 366 mr
1115 323 1333 368 RERUM
1374 323 1658 372 nuum,
2191 311 2271 384 87

456 452 597 528 Qua
641 461 901 529 propter,
952 449 1224 528 quamvis
1268 451 1570 512 causando
1615 453 1802 512 multa
1844 449 2108 526 moreriS,

368 561 495 601 esse
541 539 606 600 in
650 542 829 600 rebus
873 539 1048 600 inane
1092 550 1293 601 tamen
1339 544 1556 602 fateare
1597 549 1913 602 necessest.

367 632 673 708 multaque
721 639 1025 707 praeterea
1068 629 1177 690 tibi
1222 650 1468 708 possum
1514 629 2044 692 commemorando
2152 650 2279 704 400

366 729 715 798 argumenta
759 721 941 780 fidem
987 717 1160 779 dictis
1205 720 1532 780 conradere
1577 718 1812 782 nostriS.

367 829 575 871 verum
620 806 822 868 animo
866 807 1006 869 satis
1049 809 1199 870 haec
1244 805 1491 886 vestigia
1529 829 1711 887 parva
1754 807 1948 888 sagaci

368 909 522 972 sunt,
572 916 680 976 per
726 915 878 976 quae
925 896 1115 975 possis
1158 917 1519 978 cognoscere
1565 909 1761 960 cetera
1804 907 1968 958 tute:

368 1005 627 1066 namque
674 1005 855 1048 canes
884 996 951 1048 ut
996 987 1371 1066 montivagae
1416 1007 1703 1067 persaepe
1748 989 2004 1049 ferarum

371 1322 545 1389 quello
570 1323 624 1372 di
649 1324 902 1374 convertit
934 1323 1023 1384 IV,
1051 1336 1158 1387 334
1182 1341 1272 1391 per

369 1411 422 1443 se
448 1396 702 1444 convertit
716 1392 1038 1458 (Lachmann
1064 1412 1273 1446 conver-

369 1463 555 1530 titur);
593 1465 682 1516 cfr.
720 1466 1069 1526 Wolfflin,
1110 1469 1271 1517 Arch.

356 1535 417 1602 f.
456 1536 547 1586 lat.
585 1537 825 1603 Lexikog.
872 1536 1021 1600 1896,
1060 1554 1109 1602 p.
1151 1549 1198 1600 7.

444 1606 561 1672 398.
578 1609 811 1672 quamvis
832 1609 1091 1658 causando
1111 1610 1273 1659 multa

370 1679 586 1728 moreris
604 1695 621 1726 .·
662 1698 687 1722 α
728 1695 821 1744 per
857 1686 1049 1745 quanto
1093 1687 1151 1730 tu
1186 1696 1272 1730 vo-

370 1749 475 1814 glia
514 1749 793 1814 indugiarti
818 1750 874 1799 in
900 1750 1059 1800 molte
1084 1751 1273 1801 discus-

370 1821 506 1870 sioni
548 1839 590 1872 ι.
628 1819 732 1870 Nel
756 1823 969 1872 causari
990 1817 1075 1872 c’e
1112 1822 1145 1870 l'
1159 1823 1275 1874 idea

372 1891 765 1958 dell'apportare
791 1893 998 1957 pretesti
1019 1909 1051 1942 0
1078 1894 1275 1958 ragioni

373 1961 564 2013 fittizie.
621 1961 728 2012 Cfr.
782 1963 919 2024 Tib„
979 1965 1019 2029 1,
1072 1977 1120 2029 3,
1179 1975 1271 2028 17:

375 2054 400 2078 α
442 2041 538 2084 aut
561 2049 647 2099 ego
670 2050 784 2082 sum
820 2043 1063 2086 causatus
1098 2053 1216 2085 aves
1248 2054 1271 2080 ι

371 2100 431 2172 [α
472 2105 539 2155 ho
576 2111 843 2172 apportato
880 2123 973 2173 per
998 2113 1221 2173 pretesto
1246 2124 1277 2158 a

373 2177 631 2226 rimandar
650 2177 699 2226 la
710 2184 948 2244 partenza
976 2176 1056 2245 ·];
1076 2179 1274 2231 Orazi0.

372 2248 543 2313 Epist.
565 2249 606 2312 Ι,
634 2263 711 2310 14,
745 2262 832 2299 12:
867 2268 890 2292 c
913 2250 1117 2299 Stultus
1138 2258 1274 2301 uter-

373 2334 472 2383 que
501 2319 667 2368 locum
694 2321 993 2370 inmeritum
1029 2329 1278 2372 causatur

372 2391 551 2454 inique
566 2409 590 2449 ‚·
614 2392 683 2439 In
706 2390 861 2455 culpa
886 2398 963 2441 est
994 2393 1200 2442 animus
1232 2410 1273 2443 ι.

443 2474 567 2523 400.
592 2469 833 2526 possum:
864 2481 888 2506 ε
912 2464 1075 2528 potrei
1102 2481 1157 2525 »3
1185 2463 1273 2515 cfr.

373 2530 498 2591 Cic„
522 2533 605 2581 De
622 2533 751 2583 Nat.
773 2533 949 2593 Deor„
972 2535 1011 2593 1,
1038 2534 1123 2597 36,
1150 2548 1240 2585 101
1262 2554 1273 2585 t

379 2622 403 2645 α
437 2610 650 2667 possum
675 2604 855 2663 dicere,
898 2607 992 2654 sed
1022 2604 1138 2654 nolo
1176 2622 1278 2655 esse

372 2673 558 2739 longus
599 2693 643 2724 ι.

445 2758 567 2805 401.
594 2746 872 2796 conradere
890 2764 906 2795 .·
945 2743 975 2795 ὲ
1007 2767 1031 2791 ι
1059 2748 1274 2797 raschia·

375 2832 444 2877 re,
484 2816 780 2867 racimolare
816 2818 881 2867 da
917 2825 1047 2869 tutte
1086 2819 1135 2869 le
1164 2836 1277 2885 par-

373 2887 413 2936 ti
461 2902 515 2945 »ς
554 2904 583 2938 e
620 2888 674 2938 in
712 2888 783 2937 tal
823 2906 971 2940 senso
1020 2890 1133 2940 dice
1170 2891 1276 2939 Lu-

375 2959 539 3008 crezio
565 2959 649 3009 del
679 2966 843 3020 vente,
870 2961 961 3026 VI,
989 2974 1094 3025 304
1122 2982 1146 3005 α
1170 2962 1275 3012 alia

376 3026 639 3095 [corpora]
700 3047 763 3079 ex
821 3033 931 3096 ipso
991 3034 1276 3082 conradens

373 3117 493 3149 aere
521 3108 707 3166 portat
738 3119 767 3152 e
804 3102 1009 3167 altro've,
1049 3104 1135 3153 del
1165 3120 1275 3153 vor-

377 3171 475 3223 tice
512 3174 603 3232 VI,
634 3185 742 3235 444
766 3175 1050 3245 conradens
1074 3190 1137 3222 ex
1160 3191 1276 3224 aere

373 3243 569 3291 semina
620 3245 771 3293 nubis
818 3263 864 3295 ι.
908 3246 953 3295 Ε
1000 3244 1275 3309 adoperato

378 3312 558 3379 quindi
595 3329 687 3379 per
721 3316 760 3364 il
812 3336 838 3359 e
880 3315 1127 3366 raschiare
1170 3337 1191 3359 ι
1244 3332 1276 3366 o

387 3404 409 3427 e
431 3400 635 3450 raspare
654 3386 829 3435 denari
853 3405 877 3430 ι
905 3387 1091 3451 (Plaut.
1118 3388 1275 3439 Poen.

379 3463 426 3518 5,
467 3455 513 3517 6,
554 3465 649 3520 25;
699 3457 818 3508 Ter.
856 3458 952 3508 Ad.
994 3471 1040 3517 2,
1082 3472 1128 3517 2,
1168 3457 1274 3523 34).

375 3526 424 3577 11
461 3526 745 3590 significato
770 3529 978 3595 dunque
1004 3525 1034 3577 ὲ
1051 3530 1155 3595 qui,
1183 3531 1276 3579 che

378 3612 409 3645 a
446 3596 578 3647 furia
617 3600 670 3649 di
693 3601 938 3666 produrre
974 3601 1274 3665 argomenti,

380 3667 481 3733 egli
520 3686 549 3719 a
592 3686 723 3737 poco
769 3689 799 3721 a
846 3686 975 3737 poco
1030 3670 1275 3738 potrebbe

1380 1323 1678 1374 racimolare
1715 1323 1833 1374 fede
1875 1322 1924 1372 ai
1971 1322 2098 1373 detti
2150 1323 2279 1373 suoi.

1380 1395 1426 1444 Il
1473 1394 1833 1446 Bockemflller
1886 1408 2117 1460 propone
2166 1411 2281 1446 con-

1380 1467 1602 1516 tradere.

1451 1551 1575 1599 402.
1617 1538 1829 1603 vestigia
1849 1555 1865 1584 .·
1920 1532 1950 1584 ὲ
1996 1537 2086 1602 qui
2138 1542 2284 1587 usata

1382 1610 1452 1659 tal
1491 1608 1740 1659 metafora
1774 1625 1806 1658 a
1841 1608 2053 1672 cagione
2078 1608 2162 1658 del
2193 1624 2282 1674 pa-

1381 1697 1586 1746 ragone,
1637 1680 1731 1732 che
1779 1680 1867 1745 poi
1919 1694 2091 1744 segue,
2147 1678 2282 1729 delle

1381 1768 1558 1817 cagne.
1595 1750 1715 1816 Egli
1765 1750 1948 1800 traccia
2003 1749 2052 1800 le
2107 1765 2280 1801 orme:

1380 1823 1628 1873 Memmio
1667 1837 1726 1871 su
1758 1821 1931 1887 quelle
1956 1836 2097 1871 orme
2121 1822 2283 1871 disco-

1382 1891 1517 1960 prirh
1553 1894 1604 1942 la
1627 1894 1736 1956 via;
1775 1909 1819 1953 e,
1845 1887 2031 1959 poiche
2065 1891 2132 1942 ha
2157 1891 2284 1942 fiuto

1383 1965 1500 2025 fine,
1554 1961 1712 2014 andr&
1753 1980 1784 2013 a
1818 1963 2058 2014 ritrovare
2096 1963 2135 2012 il
2163 1979 2284 2014 vero

1382 2036 1470 2087 nei
1507 2035 1620 2085 suoi
1672 2035 1874 2094 recessi,
1911 2032 2016 2084 cosi
2053 2049 2199 2085 come
2231 2033 2285 2084 la

1381 2123 1544 2173 cagna
1582 2113 1726 2157 staua
1765 2106 1816 2156 la
1864 2103 1984 2157 fieta
2033 2104 2117 2156 dai
2171 2105 2283 2157 suoi

1382 2178 1718 2243 nascondigli.
1768 2202 1834 2214 —
1882 2177 2058 2243 sagaci
2071 2193 2089 2226 .·
2142 2178 2284 2227 detto

1352 2266 1358 2273 ·
1384 2250 1475 2317 qui
1503 2266 1595 2315 per
1618 2248 1855 2315 riguardo
1880 2248 1982 2297 alla
2006 2248 2283 2313 immugine

1384 2321 1521 2372 della
1557 2322 1736 2381 onmia,
1775 2320 1829 2370 di
1852 2320 1947 2369 che
1970 2334 2120 2385 sopra
2143 2315 2174 2369 ὲ
2196 2336 2283 2386 pa-

1384 2392 1508 2442 rola.
1570 2391 1790 2443 Riferito
1849 2390 1916 2440 ad
1973 2390 2182 2441 animus
2240 2390 2284 2440 si

1386 2471 1528 2513 trova
1567 2479 1695 2529 pure
1744 2462 1794 2512 al
1828 2478 1874 2513 ν.
1927 2471 2011 2526 50.
2067 2462 2284 2513 Ratione

1384 2535 1557 2601 sagaci
1591 2530 1620 2583 ὲ
1657 2535 1712 2584 in
1746 2535 1789 2597 Ι,
1834 2545 1934 2597 130
1969 2548 2000 2583 e
2038 2530 2159 2598 368;
2204 2548 2284 2581 sa·

1378 2607 1498 2672 gaci
1531 2611 1693 2654 mente
1730 2605 1784 2654 in
1827 2616 1977 2667 1023.

1451 2689 1580 2737 404.
1599 2676 1944 2741 montivagae.-
1969 2675 1987 2724 i
2007 2674 2170 2725 critici
2187 2674 2282 2724 che

1382 2747 1606 2812 leggono
1642 2746 1697 2796 in
1722 2746 1823 2797 fine
1848 2746 1934 2796 del
1957 2760 2102 2796 verso
2109 2746 2280 2811 ferai,

1383 2819 1681 2869 riferiscono
1719 2818 2038 2883 montivagae
2061 2833 2092 2866 a
2111 2816 2281 2879 ferai.

1382 2891 1459 2940 Mi
1495 2906 1616 2956 pare
1653 2889 1886 2940 evidente
1938 2888 2032 2939 che
2070 2889 2124 2939 in
2159 2887 2283 2951 ogni

1381 2977 1500 3010 caso
1557 2960 1724 3011 debba
1777 2960 1984 3011 riferirsi
2043 2976 2074 3008 a
2133 2975 2285 3008 canes

1380 3030 1599 3096 (fernm.,
1638 3047 1786 3082 come
1823 3032 1877 3081 di
1920 3030 2072 3082 solito
2109 3044 2284 3096 presso

1382 3103 1400 3152 i
1436 3103 1597 3163 latini,
1625 3102 1831 3169 quando
1855 3104 1898 3153 si
1925 3108 2074 3152 tratta
2093 3102 2147 3151 di
2171 3116 2282 3150 cac-

1381 3174 1498 3239 cia).
1534 3175 1612 3224 Le
1649 3172 1769 3225 fiere
1805 3189 1932 3224 sono
1981 3173 2068 3223 nel
2119 3171 2284 3223 covile

1381 3243 1620 3311 (quietes)
1643 3261 1655 3304 ;
1691 3245 1741 3294 le
1767 3261 1928 3310 cagne
1952 3243 2038 3294 nel
2061 3244 2172 3293 loro
2197 3259 2282 3293 va-

1382 3332 1502 3381 gare
1539 3317 1617 3367 sui
1654 3317 1816 3366 monti
1851 3316 1902 3367 le
1938 3314 2131 3365 fiutano
2168 3332 2197 3366 e
2233 3314 2285 3365 le

1382 3396 1611 3437 stanano.
1661 3411 1727 3423 —
1765 3388 2021 3452 ferarum
2040 3404 2062 3443 ,·
2111 3386 2129 3436 i
2183 3386 2284 3435 due

1381 3458 1548 3508 codici
1584 3459 1834 3524 maggiori
1853 3459 2061 3524 serare.
2099 3458 2169 3507 Di
2204 3472 2282 3507 se·

1382 3530 1547 3579 conda
1584 3546 1735 3580 mano
1761 3530 1849 3597 poi
1876 3527 1906 3579 e
1930 3536 2148 3579 corretto
2174 3527 2284 3578 nel-

1381 3602 1414 3650 l'
1424 3601 1698 3667 oblongus,
1720 3602 1990 3666 serarum,
2030 3600 2116 3650 nel
2145 3599 2282 3659 Qua·

1383 3672 1567 3725 dratus
1589 3671 1756 3735 ferai.
