2917 4275
926 338 1010 378 DE
1064 337 1283 380 RERUM
1332 335 1613 381 NATURA.

2112 339 2254 395 143·⁴

316 476 572 536 quorum
617 469 936 535 utrumque
978 460 1125 537 quid
1172 481 1208 520 a
1253 480 1397 521 vero
1443 460 1560 521 iam
1609 460 1791 521 distet
1837 459 2109 522 habebis·

317 546 538 608 deinde
581 546 825 610 inimica
867 551 1063 609 modis
1108 549 1309 609 multis
1355 560 1495 610 sunt
1541 561 1722 627 atque
1767 568 2002 609 veneno

318 635 449 714 ipsa
494 627 607 695 sibi
650 636 804 697 inter
853 655 958 714 se3
1048 656 1229 715 quare
1275 649 1379 698 aut
1421 657 1736 716 congressa
1780 637 2063 716 peribunt
2114 642 2237 713 760

314 734 421 784 aut
464 723 547 785 ita
589 724 900 804 diffugient
944 736 1009 786 ut
1054 737 1406 804 tempestate
1450 737 1656 788 coacta

322 813 571 874 fulmina
616 815 897 893 diffugere
943 826 1125 892 atque
1171 815 1378 876 imbris
1424 827 1754 892 ventosque
1799 813 2090 876 videmus·

319 902 583 980 denique
628 914 907 979 quattuor
951 924 1025 964 ex
1069 906 1249 965 rebus
1295 904 1345 964 si
1389 915 1602 965 cuncta
1648 915 1922 966 creantur

322 1000 502 1068 atque
546 991 609 1050 in
660 1011 759 1052 eas
802 1011 1034 1053 rursum
1080 1013 1176 1053 res
1220 992 1422 1053 omnia
1468 993 1894 1068 dissoluuntur,

397 1265 424 1317 7
433 1254 515 1319 58.
534 1256 760 1304 habebis.-
786 1252 871 1318 gib.
886 1255 1094 1304 l’antico
1116 1271 1222 1304 cor·

327 1333 514 1376 rettore
552 1325 669 1376 dell’
690 1327 999 1391 Oblongus‘e
1035 1327 1072 1375 il
1099 1327 1223 1376 Nic-

324 1398 441 1456 eoli,
480 1413 571 1462 per
597 1398 759 1446 habes.
786 1398 833 1447 11
859 1397 1113 1446 Lambino
1137 1399 1223 1446 ha-

327 1471 484 1526 bebas,
506 1467 759 1518 credendo
785 1469 879 1517 che
904 1469 994 1534 qui
1013 1468 1051 1516 il
1077 1475 1229 1534 poeta

326 1539 496 1602 voglia
542 1538 752 1588 riserirsi
803 1539 904 1587 alla
957 1540 1228 1589 dimostra-

325 1611 469 1660 zione
505 1607 589 1673 gi&
626 1608 751 1659 satta
786 1609 887 1674 (vv.
933 1608 1198 1675 159-264).

400 1680 649 1744 759-762.
690 1680 777 1730 Gli
828 1680 1068 1730 elementi
1119 1697 1226 1731 em·

328 1751 562 1816 pedoclei
578 1766 703 1800 sono
724 1752 908 1800 nemici
930 1759 1007 1800 tra
1021 1753 1073 1801 di
1088 1753 1224 1802 loro:

326 1819 500 1888 percio
542 1838 595 1871 se
633 1822 676 1870 si
716 1829 998 1872 trovassero
1052 1823 1227 1872 riuniti

329 1909 360 1941 o
398 1893 739 1958 perirebbero‚
778 1908 811 1941 ο
838 1894 1227 1959 prorompereb-

326 1965 452 2014 bero
488 1964 544 2012 in
591 1964 727 2013 sensi
781 1965 1001 2029 opposti.
1040 1966 1160 2014 Non
1195 1961 1224 2013 ὲ

328 2042 459 2084 stato
495 2041 673 2083 notato
710 2035 805 2084 che
841 2035 1003 2086 anche
1048 2045 1228 2101 questa

324 2105 767 2171 argomentazione
820 2102 849 2154 ὲ
904 2114 1054 2157 tratta
1094 2107 1229 2157 dalla

327 2178 551 2228 dottrina
590 2178 641 2225 di
678 2178 1010 2242 Empedocle.
1047 2179 1228 2242 Questi

326 2249 495 2298 infatti
546 2248 885 2313 immaginava
934 2250 1034 2300 due
1090 2249 1229 2299 forze

326 2327 726 2384 perennemente
798 2322 1030 2385 operanti
1089 2321 1227 2371 nella

329 2396 523 2451 natura,
563 2389 595 2436 1’
613 2406 714 2438 una
753 2390 807 2438 di
842 2392 1225 2455 aggregazione,

327 2459 494 2508 l’altra
516 2459 568 2508 di
585 2459 979 2525 disgregazione,
1001 2463 1229 2512 l'Amore

334 2548 362 2580 e
398 2530 431 2579 1’
448 2530 604 2591 Odio;
646 2532 733 2581 cfr.
774 2533 989 2597 Emped.
1028 2533 1227 2583 framm.

329 2602 413 2660 26,
450 2617 528 2651 vv.
582 2611 666 2665 5-7
705 2602 877 2653 Diels:
906 2600 1107 2653 Ἄλλοτε
1132 2600 1229 2668 μὲν

329 2670 567 2736 φιλότητι
621 2671 968 2737 συνερχόμεν’
1019 2672 1092 2730 εἷς
1136 2672 1227 2725 ἕνα

327 2742 545 2806 κόσμον,
572 2740 774 2793 Ἄλλοτε
800 2742 850 2794 δ’
877 2740 945 2794 αὖ
971 2742 1073 2811 δίχ’
1106 2743 1229 2796 ἕκα·

328 2830 424 2867 στα
461 2812 767 2879 φορούμενα
802 2764 1054 2872 Νείκεοςχ
1064 2813 1226 2903 &xvh-f,

326 2882 555 2934 Εισόκεν
602 2882 658 2934 ἕν
705 2883 985 2950 συμφύντα
1026 2882 1085 2935 τὸ
1126 2891 1231 2937 πᾶν

325 2951 583 3019 ὗπένερθε
630 2953 852 3021 γένηται.
900 2958 978 3007 La
1020 2958 1229 3023 ragione

327 3027 537 3076 addotta
563 3028 627 3076 da
662 3028 910 3078 Lucrezio
945 3037 1121 3079 contro
1158 3029 1230 3078 tal

328 3098 566 3163 pensiero
616 3093 646 3147 ὲ
702 3106 851 3148 tratta
898 3100 983 3148 dal
1032 3116 1230 3151 canone

330 3169 570 3234 epicureo
606 3168 1035 3235 dell'esperienza.
1065 3170 1146 3220 Ed
1170 3167 1225 3221 e:

328 3240 418 3288 noi
453 3240 688 3289 vediamo
726 3241 820 3291 che
858 3239 931 3304 gli
969 3240 1229 3303 elementi,

328 3310 393 3358 ad
430 3326 501 3359 es.
538 3311 741 3376 l'acqua
778 3326 807 3361 e
829 3311 871 3360 il
906 3312 1075 3372 fuocO,
1100 3328 1228 3364 sono

327 3380 516 3430 nemici
555 3388 629 3431 tra
664 3382 717 3431 di
741 3381 867 3442 lor0,
894 3399 923 3432 e
951 3383 1089 3433 nelle
1113 3399 1230 3448 pro-

332 3451 461 3501 celle
496 3453 729 3503 vediamo
766 3454 860 3503 che
882 3468 975 3503 son
1000 3454 1119 3503 tutti
1142 3470 1229 3504 ne·

334 3522 470 3583 miei,
509 3520 717 3589 giacche
765 3540 1047 3591 erompono
1084 3541 1231 3589 sepa-

336 3598 614 3645 ratamente
662 3595 882 3656 fulmini,
938 3596 1147 3661 pioggie
1202 3612 1232 3646 e

334 3663 473 3714 venti
494 3682 504 3715 :
542 3664 751 3731 dunque
774 3666 1102 3742 l'esperienza
1124 3682 1231 3717 non

1334 1258 1380 1308 ci
1418 1257 1532 1307 dice
1577 1257 1671 1306 che
1725 1256 1800 1305 sia
1853 1271 2000 1320 pure'
2036 1263 2111 1305 tra
2149 1256 2241 1306 tali

1334 1328 1578 1380 elementi
1614 1333 1858 1392 operante
1889 1326 2053 1376 l'altra
2078 1327 2234 1386 forza,

1335 1401 1580 1460 l’amore;
1616 1398 1795 1463 quindi
1831 1397 1870 1446 il
1908 1398 2097 1447 mondo
2134 1414 2239 1448 non

1336 1470 1442 1537 pub
1463 1486 1600 1520 esser
1619 1475 1759 1518 sorto
1777 1469 1842 1517 da
1861 1468 1950 1517 tali
1977 1469 2234 1520 elementi.

1410 1552 1530 1606 759.
1570 1555 1762 1589 veneno
1799 1556 1902 1588 esse
1937 1540 2099 1588 alicua·
2131 1537 2160 1588 ὲ
2187 1556 2237 1590 e·

1333 1613 1620 1678 spressione
1657 1611 1750 1660 che
1775 1610 1817 1658 si
1846 1616 1985 1660 trova
2009 1611 2065 1660 in
2091 1611 2240 1661 unio-

1333 1700 1399 1734 ne
1437 1699 1537 1732 con
1573 1683 1815 1731 inimicus
1852 1699 1880 1731 e
1918 1681 2002 1730 nel
2044 1681 2238 1746 signifi·

1335 1763 1447 1804 cato
1485 1754 1538 1802 di
1577 1773 1602 1798 α
1645 1768 1782 1802 esser
1807 1753 2020 1802 mortale
2046 1769 2137 1818 per
2165 1753 2238 1802 al-

1334 1842 1469 1875 cuno
1509 1843 1554 1885 ο,
1594 1824 1754 1873 anche
1795 1824 1851 1871 in
1885 1824 2129 1883 Varrone,
2157 1826 2240 1874 De

1332 1912 1390 1946 re
1427 1897 1640 1952 rustica,
1679 1897 1719 1953 1,
1762 1908 1809 1953 2,
1856 1893 1932 1957 18,
1973 1909 2119 1944 come
2143 1910 2236 1944 no-

1333 1975 1454 2017 tano
1494 1967 1584 2032 qui
1621 1965 1766 2030 quasi
1823 1965 1938 2014 tutti
1996 1965 2064 2029 gl’
2081 1965 2236 2015 inter-

1332 2039 1479 2104 preti.
1517 2036 1796 2100 Aggiungo
1821 2035 2038 2100 qualche
2065 2052 2227 2086 esem-

1334 2110 1422 2176 pio
1459 2109 1512 2159 di
1551 2124 1644 2157 uso
1672 2107 1849 2157 affine:
1888 2107 2003 2156 Liv.
2028 2106 2121 2171 ΙΙΙ,
2151 2107 2234 2171 67,

1334 2182 1385 2239 6,
1428 2200 1452 2224 c
1484 2181 1758 2229 Discordia
1787 2179 2029 2227 ordinum
2055 2186 2131 2227 est
2152 2196 2233 2227 ve·

1335 2268 1528 2301 nenum
1576 2251 1720 2299 urbis
1771 2251 1926 2298 huius
1967 2264 2025 2307 »ς
2073 2248 2236 2311 Οται.,

1334 2323 1442 2372 Sat.
1466 2326 1505 2382 1,
1535 2332 1582 2383 7,
1627 2334 1677 2371 1:
1712 2340 1735 2363 c
1759 2321 1909 2383 Regis
1934 2320 2117 2386 Rupili
2128 2329 2238 2385 pus

1333 2400 1490 2457 atque
1524 2408 1775 2442 venenum
1820 2409 1863 2441 ι.

1407 2464 1529 2527 761.
1550 2470 1721 2513 coacta
1739 2480 1755 2510 .·
1781 2477 1884 2511 non
1909 2462 2060 2511 credo
2079 2461 2153 2509 sia
2173 2462 2237 2509 da

1335 2536 1604 2585 accordare
1629 2550 1726 2583 con
1753 2540 2039 2596 tempestate
2063 2529 2141 2595 (in
2167 2531 2237 2581 tal

1334 2622 1453 2656 caso
1472 2604 1735 2671 preserirei
1754 2610 2042 2666 tempestate
2061 2610 2234 2651 coorta

1336 2692 1483 2727 come
1519 2677 1574 2725 in
1610 2676 1700 2734 VI,
1751 2674 1863 2735 196,
1915 2689 2008 2722 ove
2060 2688 2156 2738 pur
2193 2672 2237 2721 si

1338 2755 1488 2797 tratta
1506 2747 1559 2795 di
1583 2745 1807 2811 procella
1833 2745 1926 2795 che
1951 2745 2238 2810 impetuosa

1337 2816 1610 2883 dirompa),
1660 2832 1744 2867 ma
1794 2816 1869 2866 sia
1923 2816 1987 2864 da
2041 2814 2238 2864 tifex-ire

1336 2890 1515 2939 invece
1551 2905 1581 2937 a
1600 2888 1863 2953 fulmina,
1895 2886 2088 2943 imbris,
2115 2901 2238 2934 ven-

1338 2968 1453 3019 tos,·
1491 2967 1720 3026 appunto
1746 2952 1931 3024 perche
1960 2964 2088 3006 tutte
2113 2972 2239 3021 que·

1337 3038 1415 3081 ste
1450 3047 1571 3081 cose
1607 3030 1651 3079 si
1675 3039 1886 3079 trovano
1915 3028 2129 3077 insieme
2155 3042 2237 3076 ac-

1338 3110 1536 3151 cozzate
1565 3100 1702 3151 nella
1726 3100 1878 3158 nube,
1905 3099 2074 3149 donde
2100 3112 2235 3147 scro-

1338 3174 1440 3222 scia
1467 3173 1518 3221 la
1544 3172 1798 3240 procella3
1835 3186 1881 3220 v.
1908 3169 1946 3218 il
1974 3185 2124 3236 passo
2149 3184 2237 3218 ora

1337 3245 1510 3293 citato.

1410 3314 1536 3377 763-
1540 3312 1660 3377 768.
1692 3312 1790 3364 Un’
1795 3310 2236 3378 argomentazione

1338 3384 1392 3433 di
1427 3401 1559 3451 pura
1594 3384 1774 3435 forma.
1813 3384 1880 3433 Se
1915 3383 1964 3432 la
1988 3382 2092 3431 vita
2130 3380 2236 3430 del-

1339 3456 1373 3505 1·
1389 3457 1625 3505 universo
1663 3456 1707 3504 si
1742 3455 1918 3519 aggira
1963 3454 2020 3503 in
2058 3458 2239 3517 questa

1337 3526 1534 3577 alterna
1568 3526 1779 3576 vicenda
1814 3525 1952 3590 degli
1995 3522 2238 3573 elementi

1329 3598 1434 3647 -che
1483 3597 1856 3662 aggregandosi
1909 3596 2139 3644 formano
2185 3591 2237 3641 le

1339 3683 1458 3719 cose
1508 3684 1537 3719 e
1585 3666 1968 3733 disgregandosi
2023 3670 2242 3713 tornano
