2917 4275
948 351 1031 393 DE
1076 349 1291 394 RERUM
1336 347 1616 393 NATURA.

2113 353 2232 412 129

330 473 565 536 denseri
610 485 892 553 poterunt
935 473 1104 553 ignes
1147 472 1380 550 rarique
1426 469 1726 548 relinqui;

326 565 433 623 sed
479 562 619 640 quia
663 564 849 623 multa
893 563 1005 623 sibi
1050 573 1301 623 cernunt
1347 560 1642 624 contraria
1684 559 1867 619 mixta

328 663 389 712 et
431 651 683 730 fugitant
727 652 788 711 in
834 654 1013 712 rebus
1060 652 1238 711 inane
1287 650 1622 726 relinquere
1667 667 1900 727 purum,

419 917 539 981 656.
590 917 807 980 rarique
858 917 1089 981 relinqui
1155 938 1225 958 =

323 988 575 1054 rarefieri.
648 987 894 1050 Relinqui
967 986 1223 1038 crediamo

324 1060 477 1109 abbia
512 1059 602 1124 qui
640 1058 677 1107 il
714 1058 995 1107 medesimo
1031 1057 1223 1122 signifi-

324 1137 438 1180 cato
488 1130 593 1179 che*
630 1129 686 1179 in
736 1139 869 1193 513:
931 1148 954 1173 c
1018 1131 1067 1178 si
1116 1146 1222 1178 non

325 1203 469 1266 quod
498 1201 686 1249 cohibet
719 1200 940 1264 solidum
990 1207 1223 1249 constare

321 1271 590 1335 relinquas
643 1290 687 1320 ι.
736 1271 992 1335 Dunque:
1054 1290 1077 1313 α
1130 1286 1221 1334 po·

322 1339 400 1392 tr&
436 1341 744 1391 ammettersi
787 1341 879 1390 che
926 1341 969 1390 si
1006 1341 1219 1391 rarefac-

326 1415 475 1464 ciano
517 1431 561 1462 ι.

393 1485 515 1547 657.
553 1484 752 1532 mixta:
802 1482 821 1531 i
857 1482 1021 1531 codici
1064 1499 1151 1530 mu
1188 1498 1220 1531 ο

324 1571 479 1604 muse.
518 1556 593 1604 Le
620 1560 917 1617 congetture
941 1569 1067 1602 sono
1094 1552 1222 1602 mol-

324 1625 555 1676 tissime:
592 1632 831 1673 mussant
865 1621 981 1688 (che
1015 1640 1119 1673 non
1155 1625 1222 1672 ha

324 1711 474 1746 senso
520 1696 582 1745 ed
623 1690 651 1743 ὲ
699 1695 754 1743 in
803 1711 874 1743 un
922 1695 1031 1744 cod.
1072 1694 1222 1758 fior.)‚

326 1769 501 1824 inesse,
541 1767 707 1823 multi,
762 1767 989 1824 Memmi,
1034 1767 1219 1822 adesse,

328 1838 589 1895 amussim,
639 1853 871 1894 rursum,
912 1839 1071 1886 nasci.
1119 1837 1221 1885 Noi

326 1909 593 1958 scriviamo
642 1909 819 1958 mixta.
870 1906 1092 1956 Eraclito
1130 1924 1220 1972 pa-

326 1994 578 2043 ragonava
637 1978 674 2026 il
748 1979 937 2026 mondo
996 1978 1060 2027 ad
1121 1994 1223 2027 una

324 2052 574 2109 mixtura,
614 2045 843 2098 κυκεών.
880 2050 943 2098 V.
982 2058 1103 2099 nota
1144 2065 1221 2099 se-

323 2127 528 2186 guente.

398 2190 580 2256 657-8.
632 2192 812 2254 Questi
850 2191 992 2249 versi,
1032 2192 1221 2241 credia-

324 2278 427 2322 m0,
468 2277 573 2311 non
615 2278 742 2312 sono
793 2264 909 2312 stati
955 2264 1219 2327 compresi.

322 2334 381 2381 L'
403 2334 825 2398 interpretazione
850 2334 943 2384 che
982 2350 1035 2383 se
1066 2350 1131 2383 ne
1156 2331 1220 2382 d&

324 2399 353 2451 ὲ
414 2403 464 2451 13
522 2412 799 2467 seguente:
861 2404 935 2468 gli
995 2405 1219 2454 eraclitei

324 2474 556 2523 vedendo
617 2475 709 2524 che
769 2474 801 2523 1’
825 2482 1120 2524 ammettere
1181 2476 1219 2523 il

322 2554 480 2593 vuoto
536 2545 670 2595 nelle
719 2560 833 2595 cose
888 2542 915 2594 ὲ
966 2547 1218 2595 contrario

322 2615 370 2664 ai
397 2616 506 2663 loro
532 2617 786 2681 principii,
814 2617 1068 2681 sfuggono
1095 2633 1217 2682 que·

320 2688 381 2735 st’
398 2687 553 2735 ardua
589 2686 833 2736 difficolt&
862 2704 890 2737 e
928 2696 1217 2737 trascurano

320 2758 371 2807 la
422 2756 592 2808 verite.
651 2757 855 2808 Basterh
910 2759 1018 2807 solo
1067 2759 1143 2807 ch'
1167 2759 1218 2808 io

320 2829 561 2877 domandi
600 2830 749 2894 quale
786 2830 860 2879 sia
896 2829 947 2878 13
982 2830 1216 2897 contradg

320 2899 521 2948 dizione
561 2908 634 2948 tra
671 2900 708 2949 il
744 2900 948 2949 sistema
982 2901 1217 2949 eracliteo

319 2986 347 3019 e
389 2970 422 3017 l'
449 2978 745 3021 ammettere
792 2972 830 3018 il
881 2978 1032 3019 vuoto
1082 2972 1217 3021 nelle

320 3056 454 3105 cose,
494 3058 585 3107 per
620 3043 703 3090 eui
749 3042 821 3105 gli
870 3042 1091 3091 eraclitei
1128 3042 1218 3089 do-

320 3127 516 3162 vevano
554 3119 694 3161 tanto
733 3120 920 3162 temere
964 3114 1216 3177 quest’ar-

320 3183 421 3232 dua
474 3180 739 3232 difficolth.
804 3183 905 3231 Noi
963 3184 1218 3232 crediamo

317 3254 411 3303 che
448 3254 488 3302 il
524 3270 673 3302 senso
700 3256 773 3302 sia
809 3255 910 3303 ben
934 3254 1081 3301 altro.
1121 3254 1217 3302 Ba-

318 3322 451 3374 ster&
491 3340 704 3389 pensare
730 3324 829 3373 alla
855 3324 1075 3390 dotssrina
1112 3341 1216 3374 era·

318 3395 469 3444 clitea
503 3395 585 3444 dei
632 3395 888 3445 contrarii.
937 3396 980 3443 E
1017 3394 1066 3443 13
1102 3396 1218 3445 dot-

318 3465 451 3514 trina
475 3481 638 3515 messa
675 3466 729 3515 in
767 3466 986 3516 burletta
1012 3466 1077 3513 da
1112 3469 1217 3517 Lu·

316 3536 483 3598 cian0‚
522 3537 617 3587 che
653 3538 717 3585 ad
754 3536 978 3588 Eraclito
1018 3536 1073 3587 fa
1108 3538 1217 3587 dire

317 3602 457 3669 (Vit.
512 3615 647 3659 auct.
710 3606 825 3673 14):
884 3605 987 3657 ἔστι
1048 3604 1217 3656 τωύτὸ

317 3672 504 3742 τέρψις
540 3674 781 3743 ἀτερψίη,
818 3681 1007 3744 γνῶσις
1049 3675 1215 3743 ἄγνω-

1332 913 1435 979 σίη,
1473 912 1604 980 μέγα
1648 911 1857 978 μικρόν,
1896 909 2009 964 ἄνω
2066 911 2230 977 κάτω,

1330 984 1720 1050 περιχωρέοντα
1772 981 1862 1034 καὶ
1914 981 2247 1050 ἀμειβόμενα,

1328 1055 1387 1107 ἐν
1424 1062 1490 1122 τῇ
1529 1060 1618 1106 τοῦ
1657 1053 1849 1111 αἰῶνος
1887 1053 2085 1120 παιδιῇ.
2125 1056 2229 1109 Cfr.

1330 1145 1458 1194 pure
1515 1129 1552 1177 11
1610 1128 1809 1178 framm.
1861 1127 2098 1178 eracliteo
2152 1145 2228 1194 pr.

1330 1199 1546 1265 Hippol.
1582 1199 1671 1257 IX,
1707 1212 1802 1249 10:
1842 1195 1873 1246 ὅ
1896 1194 2022 1254 θεὸς
2059 1195 2228 1264 ἡμέρη

1328 1267 1579 1334 εὗῳρόνη.
1618 1264 1820 1333 χειμὼν
1871 1265 2044 1332 θέρος,
2081 1267 2231 1319 πόλε-

1327 1358 1426 1405 μος
1477 1337 1672 1404 ειρήνη,
1722 1339 1883 1404 κόρος
1928 1337 2091 1401 λιμός,
2143 1337 2230 1390 τά-

1328 1410 1504 1462 ναντία
1551 1409 1750 1460 ἅπαντα
1797 1411 1881 1470 (fr.
1921 1411 1986 1473 67
2038 1411 2225 1474 Diels).

1327 1485 1457 1533 Dice
1495 1484 1704 1547 dunque
1740 1483 2019 1531 Luerezio:
2075 1483 2230 1532 stabi-

1329 1555 1526 1603 liscono
1562 1554 1649 1604 nel
1687 1553 1874 1602 mondo
1913 1553 2070 1603 molte
2107 1568 2226 1603 cose

1332 1625 1612 1685 contrarie;
1671 1640 1698 1674 e
1747 1624 1834 1691 poi
1882 1624 2228 1674 dimenticano

1329 1697 1381 1744 di
1420 1697 1498 1744 far
1533 1697 1628 1746 che
1664 1694 1763 1744 alle
1799 1711 1882 1742 res
1914 1695 2154 1759 risponda
2190 1695 2229 1745 il

1331 1767 1597 1829 contrariO,
1626 1761 1734 1814 cioe
1762 1765 1796 1813 l’
1816 1767 1987 1815 inane.
2013 1763 2090 1830 (Si
2116 1766 2228 1817 noti

1330 1853 1505 1903 presso
1532 1836 1821 1898 Aristotele,
1861 1837 1986 1885 Met.
2016 1836 2106 1894 XI,
2148 1850 2224 1896 10,

1329 1922 1359 1972 3
1400 1909 1449 1958 13
1477 1908 1636 1958 teoria
1670 1907 1763 1956 che
1800 1907 1850 1954 13
1886 1907 2095 1957 materia
2121 1923 2228 1956 non

1329 1979 1481 2028 abbia
1506 1976 1797 2040 contrario).
1837 1978 2227 2042 Interpretiamo

1327 2049 1509 2115 quindi
1537 2049 1700 2098 multa
1726 2049 1992 2097 contraria
2017 2049 2115 2097 sibi
2135 2066 2229 2114 per

1328 2122 1494 2170 multa
1515 2119 1779 2170 contraria
1806 2120 1942 2167 inter
1966 2135 2031 2170 se.
2053 2119 2228 2181 Quan-

1328 2199 1381 2241 to
1422 2192 1472 2241 al
1508 2191 1753 2240 riflessivo
1791 2190 1984 2239 riferito
2028 2191 2112 2239 an’
2133 2207 2226 2256 og·

1327 2271 1484 2327 gett0,
1542 2263 1576 2311 1’
1601 2278 1691 2310 uso
1739 2278 1844 2310 non
1897 2262 1963 2309 ha
2009 2264 2226 2326 bisogno

1328 2334 1379 2383 di
1404 2333 1798 2383 dimostrazione
1817 2332 1930 2395 (cfr.
1951 2333 2056 2383 Cic.
2080 2335 2224 2384 Rosc.

1333 2406 1466 2455 Com.
1510 2417 1555 2467 7,
1597 2418 1696 2453 20:
1740 2424 1763 2449 ι
1806 2406 1964 2453 vitam
2001 2406 2138 2453 inter
2174 2421 2228 2453 se

1328 2477 1603 2540 utriusque
1637 2474 1866 2539 conferte
1908 2472 1992 2538 »);
2033 2482 2223 2539 quanto

1325 2547 1375 2595 al
1411 2548 1510 2595 sibi
1543 2562 1634 2611 per
1669 2547 1806 2594 inter
1843 2561 1908 2601 se,
1947 2545 1993 2593 ci
2025 2543 2224 2594 baster&

1326 2624 1663 2667 rammentare
1713 2614 1895 2665 Cesare
1943 2616 2007 2664 Β.
2066 2616 2122 2663 G.
2173 2627 2220 2677 2,

1328 2699 1408 2753 25,
1442 2700 1463 2736 1
1491 2707 1502 2737 ι
1538 2707 1561 2730 ε
1591 2687 1846 2749 confertos
1872 2686 2055 2734 milites
2091 2685 2225 2734 sibi

1324 2762 1462 2823 ipsos
1499 2760 1573 2807 ad
1601 2766 1836 2821 pugnam
1874 2772 1976 2803 esse
2011 2756 2222 2819 impedi·-

1324 2839 1492 2878 mento
1535 2845 1584 2871 ἰ
1649 2848 1720 2867 =-·-
1779 2828 1916 2875 inter
1976 2842 2027 2874 se
2085 2828 2223 2890 ipsos

1330 2919 1353 2943 ae
1412 2901 1445 2948 1’
1468 2916 1572 2950 uno
1627 2898 1856 2949 all’altro
1914 2915 1970 2958 »;
2027 2899 2220 2946 Arnob.

1323 2973 1459 3021 Adv.
1511 2980 1649 3035 gent.
1698 2970 1781 3019 11:
1841 2988 1864 3011 α
1927 2984 2032 3015 una
2087 2969 2223 3017 enim

1324 3039 1481 3090 ca’usa
1520 3058 1602 3091 res
1639 3043 1770 3089 duas
1807 3039 2006 3103 efficere
2042 3054 2102 3086 ac
2127 3040 2227 3087 sibi

1324 3114 1616 3161 contrarias
1659 3128 1764 3159 non
1800 3117 1970 3174 potest
2019 3128 2062 3160 κ».
2115 3110 2221 3159 Uso

1324 3184 1417 3233 che
1467 3201 1551 3232 era
1599 3183 1732 3231 forse
1778 3181 2039 3246 populare,
2077 3195 2224 3230 come

1323 3256 1366 3303 si
1413 3251 1517 3319 pub
1559 3260 1911 3317 argomentare
1959 3250 2043 3299 dal
2094 3251 2222 3300 fatto

1323 3326 1416 3375 che
1490 3324 1672 3373 rimase
1743 3322 1881 3372 nella
1957 3322 2179 3387 Vulgata
2198 3340 2222 3379 ,·

1322 3396 1411 3445 cfr.
1464 3395 1606 3445 Paul.
1651 3394 1754 3443 Col.
1808 3407 1854 3457 3,
1901 3405 1996 3455 13:
2051 3412 2074 3436 c
2132 3394 2219 3439 do-

1322 3475 1507 3516 nantes
1556 3468 1798 3515 vobismet
1842 3464 1969 3528 ipsis
2009 3482 2033 3505 ι
2080 3482 2103 3505 ε
2145 3461 2219 3525 gli

1322 3538 1409 3587 uni
1447 3536 1552 3600 agli
1589 3535 1706 3585 altri
1750 3556 1792 3595 ι,
1835 3554 1860 3578 ι
1889 3532 2220 3583 scambievol-

1322 3616 1494 3657 mente
1535 3626 1598 3669 »3
1639 3608 1772 3656 Petr.
1817 3618 1860 3668 1,
1899 3618 1948 3665 4,
1988 3604 2053 3654 8:
2104 3620 2220 3651 mu-

1323 3685 1467 3727 tuam
1504 3678 1560 3726 in
1598 3678 1840 3727 vobismet
1871 3676 1995 3740 apsis
2032 3675 2221 3723 carita-

1942 3816 1974 3865 9
