2917 4275
680 324 804 382 1³4

1352 321 1415 367 T.
1463 321 1727 366 Lucum
1772 321 1920 364 CAR!

673 446 937 508 efficiunt
980 446 1149 526 igniS,
1200 457 1546 524 mutatoque
1594 445 1805 508 ordine
1849 455 2084 508 mutant

670 545 941 598 naturam
988 555 1183 612 neque
1228 547 1364 596 sunt
1407 536 1531 614 igni
1576 535 1848 596 simulata
1890 554 2089 614 neque
2135 534 2239 595 uui

670 635 977 702 praeterea
1020 624 1105 684 rei
1152 644 1305 702 quae
1351 644 1601 703 corpora
1644 625 1879 685 mittere
1924 623 2114 702 possit

672 711 942 773 sensibus
987 724 1047 773 et
1091 724 1325 772 nostros
1372 713 1607 775 adiectu
1655 724 1895 792 tangere
1937 723 2146 774 tactuS.

670 800 868 862 dicere
912 821 1092 877 porro
1136 800 1335 878 ignem
1380 821 1475 861 res
1520 801 1716 862 omnis
1761 822 1905 876 esse,
1955 820 2154 878 neque
2199 802 2381 860 ullam
2445 802 2590 876 690

670 909 797 950 rem
842 909 1042 950 veram
1086 889 1150 949 in
1196 909 1446 950 numero
1491 910 1690 950 rerum
1737 902 2006 952 constare
2053 888 2166 950 nisi
2208 889 2427 966 ignem,

672 980 836 1056 quod
882 977 1022 1039 facit
1067 977 1165 1039 hic
1209 977 1389 1052 idem,
1439 980 1800 1057 perdelirum
1849 998 1977 1038 esse
2019 977 2274 1038 videtur.

672 1086 811 1126 nam
858 1077 1065 1127 contra
1108 1085 1313 1126 sensus
1358 1069 1435 1127 ab
1482 1068 1754 1128 sensibus
1798 1067 1924 1146 ipse
1969 1077 2260 1144 repugnat

672 1166 733 1215 et
776 1157 1095 1216 labefactat
1138 1175 1259 1229 eOS,
1310 1157 1472 1216 unde
1517 1156 1718 1217 omnia
1762 1155 1986 1218 credita
2031 1156 2314 1234 pendent,

670 1377 730 1432 δὲ
766 1378 797 1431 ὅ
836 1376 933 1444 μὲν
968 1378 1167 1446 ρυσμός
1205 1378 1381 1446 σχῆμά
1418 1378 1570 1444 ἔστιν,

669 1449 705 1517 ἧ
738 1449 797 1503 δέ
821 1449 1032 1517 διαθιγὴ
1058 1450 1218 1513 τάξις,
1245 1450 1278 1517 ἡ
1305 1449 1364 1502 δὲ
1399 1449 1568 1518 τροπὴ

669 1519 860 1582 §itus-,-
898 1525 961 1573 ed
998 1525 1305 1572 indichiamo
1342 1524 1414 1588 gli
1453 1524 1568 1574 altri

668 1595 805 1660 passi
838 1596 992 1658 Phys.
1032 1593 1128 1643 188
1153 1612 1201 1651 a,
1242 1607 1341 1659 23;
1387 1594 1568 1660 Simpl.

669 1681 702 1714 a
754 1665 902 1728 Phys.
966 1664 1081 1725 180,
1139 1665 1235 1724 163
1300 1666 1414 1727 196,
1467 1675 1567 1728 35;

670 1735 827 1801 Soph.
859 1736 922 1784 ad
954 1736 1107 1786 Arist.
1148 1737 1227 1784 De
1262 1753 1347 1786 an.
1394 1750 1474 1795 11,
1503 1736 1568 1797 6;

673 1805 883 1871 Asclep.
922 1823 952 1856 a
988 1808 1218 1871 Metaplz.
1257 1820 1341 1871 33,
1383 1819 1466 1856 20.

742 1875 861 1927 686.
900 1884 1108 1927 mutant
1141 1886 1386 1927 naturam
1407 1897 1423 1926 :
1475 1878 1518 1925 v’
1541 1873 1570 1925 ὲ

672 1947 883 2014 dunque
932 1956 1009 1998 tra
1061 1948 1111 1998 le
1159 1964 1275 1998 cose
1312 1949 1431 1998 dell'
1452 1949 1567 1997 uni-

669 2035 814 2068 verso
867 2035 968 2068 uno
1023 2020 1252 2069 scambio
1307 2020 1565 2082 continue,

670 2091 757 2140 un'
778 2097 951 2141 eterna
974 2091 1212 2150 vicenda;
1245 2107 1328 2141 rna
1352 2086 1381 2139 ὲ
1409 2107 1569 2140 scam-

668 2161 758 2211 bio
785 2162 949 2211 inteso
979 2162 1034 2210 in
1060 2162 1213 2210 modo
1238 2163 1436 2212 diverso
1461 2162 1569 2211 del-

670 2231 988 2294 l'eracliteo;
1046 2232 1111 2280 ad
1155 2233 1400 2281 indicarlo
1446 2230 1570 2299 pero

669 2303 894 2367 Epicuro
918 2298 1066 2351 serbo
1091 2303 1123 2351 l'
1148 2303 1426 2367 immagine
1464 2320 1568 2353 era·

669 2373 818 2437 clitea
843 2371 957 2436 (cfr.
984 2374 1112 2424 Plat.
1148 2374 1343 2436 Cratyl.
1368 2386 1474 2436 402
1498 2372 1569 2437 A)

672 2460 699 2495 e
736 2443 787 2491 la
812 2442 1011 2493 chiam&
1036 2440 1211 2508 ῥεῦσις
1248 2444 1360 2505 (cfr.
1387 2446 1566 2493 Rasin.

670 2514 812 2563 Mus.
852 2525 936 2576 47,
965 2532 1013 2579 p.
1041 2528 1180 2578 434;
1218 2531 1295 2579 pr.
1323 2516 1479 2580 Diog.
1505 2516 1566 2563 L.

670 2586 735 2645 X,
771 2583 882 2649 48),
922 2585 1087 2635 fedele
1124 2586 1175 2634 al
1213 2600 1305 2634 suo
1343 2593 1568 2651 precetto

669 2657 763 2707 che
806 2656 1008 2719 bisogni
1058 2656 1333 2722 adoperare
1379 2657 1427 2706 le
1479 2674 1568 2721 pa-

670 2728 777 2776 role
850 2726 971 2776 nell'
994 2728 1258 2776 accezione
1332 2743 1566 2777 comune.
1621 2776 1626 2782 ,

672 2796 777 2848 cfr.
803 2799 949 2864 Epic.
977 2813 1148 2864 presso
1173 2799 1425 2859 Plutarc0,
1448 2799 1566 2847 adv.

676 2867 780 2919 Col.
825 2868 997 2918 11160
1034 2867 1268 2934 (Usener,
1302 2870 1451 2934 Epic.
1476 2868 1566 2932 fr.

708 2936 773 2987 82
802 2974 813 2987 .

671 2950 703 2987 2
742 2936 863 3071 6)87.
913 3011 1155 3059 simulata
1212 3029 1282 3049 =
1334 3011 1524 3058 similia
1544 3027 1569 3068 ,-

668 3075 783 3140 cioe
844 3096 975 3143 quae
1044 3083 1211 3145 ignem
1284 3082 1568 3139 simulent,-

668 3149 802 3199 circa
840 3153 1001 3215 quest'
1024 3151 1203 3201 ultima
1251 3151 1568 3201 costruzione

670 3220 761 3269 cfr.
820 3220 961 3269 Oraz.
1012 3223 1183 3285 Epist.
1234 3223 1273 3280 1,
1330 3234 1407 3282 19,
1467 3234 1562 3285 133

670 3292 825 3342 Marz.
862 3292 930 3354 11,
970 3304 1033 3357 35
1062 3307 1163 3342 ece.
1194 3291 1421 3355 Vergilio
1446 3293 1564 3341 ado-

670 3377 793 3427 pera
839 3364 1113 3411 simulatus
1156 3362 1239 3411 col
1296 3362 1465 3411 dativo
1512 3363 1566 3413 in

668 3436 801 3483 Aen.
839 3433 933 3494 111,
973 3446 1075 3498 349
1122 3447 1150 3482 e
1187 3448 1284 3481 con
1320 3433 1472 3482 l’acc.
1511 3433 1566 3482 in

670 3503 760 3563 IV,
778 3513 807 3569 5
820 3516 878 3552 12
898 3501 1095 3568 (latices
1114 3504 1379 3555 simulatos
1392 3504 1566 3573 fontis

670 3575 909 3639 Averni).

742 3644 862 3695 688.
900 3654 1172 3710 praeterea
1190 3661 1208 3695 .-
1258 3644 1347 3711 qui
1388 3645 1564 3696 invece

1678 1383 1764 1433 del
1820 1398 2068 1448 pronome
2121 1383 2250 1431 alii.-
2308 1401 2332 1426 c
2391 1377 2457 1432 1ιέ
2509 1382 2588 1430 ad.

1677 1455 1843 1503 alcun’
1865 1455 1990 1502 altra
2024 1469 2140 1503 cosa
2182 1473 2226 1503 ι.
2255 1479 2319 1489 -
2357 1461 2578 1518 corpora

1677 1527 1908 1574 mittere:
1961 1525 1998 1573 il
2054 1524 2205 1572 fuoco
2255 1540 2400 1573 come
2456 1523 2586 1572 tutti,

1675 1595 1750 1658 gli
1777 1595 1892 1644 altri
1930 1595 2072 1660 corpi
2097 1611 2276 1644 emana
2312 1593 2574 1660 particelle

1675 1666 1769 1716 che
1793 1681 2029 1728 vengono
2069 1683 2098 1714 a
2134 1665 2326 1730 colpire
2359 1666 2377 1714 i
2413 1665 2572 1713 nostri

1675 1737 1842 1786 sensi:
1893 1737 2038 1800 Epic.
2084 1753 2158 1802 pr.
2207 1736 2359 1800 Diog.
2399 1735 2462 1799 X,
2501 1748 2582 1796 49

1674 1804 1774 1855 Δεῖ
1797 1802 1855 1856 δὲ
1889 1803 1980 1855 καὶ
2005 1805 2232 1870 νομίζειν
2267 1803 2574 1860 ἐπεισιόντος

1674 1873 1808 1933 τινὸς
1833 1873 2067 1942 ἀπὸ,τῶπι
2091 1873 2294 1936 ἔξωθεν
2329 1873 2417 1932 τὰς
2441 1893 2586 1940 μορμ

1675 1943 1781 2010 φὰς
1817 1946 1946 2010 ὁρᾶν
1976 1945 2113 2012 ἡμᾶς
2136 1945 2227 1997 καὶ
2252 1945 2574 1998 διανοεῖσθαι

1674 2035 1776 2068 ecc.
1815 2020 1902 2068 Gli
1937 2014 2092 2068 atomi
2129 2020 2306 2069 invece
2331 2035 2457 2068 sono
2493 2019 2570 2068 in-

1675 2089 1876 2153 visibili,
1939 2086 2123 2156 perche
2184 2106 2288 2140 non
2347 2105 2584 2157 possono

1674 2163 1872 2211 mittere
1917 2170 2150 2226 corpora,
2189 2179 2216 2211 e
2267 2172 2446 2226 questo
2482 2162 2574 2209 noi

1673 2232 1928 2284 crediamo
1982 2234 2076 2282 che
2131 2232 2383 2295 significhi
2444 2232 2572 2297 Epi-

1673 2318 1810 2361 curo,
1838 2320 1914 2368 pr.
1946 2304 2100 2367 Diog.
2129 2306 2187 2353 L.
2219 2303 2280 2361 X,
2310 2303 2408 2367 56:
2447 2298 2572 2371 οὔθ’

1671 2370 1816 2428 ὅπως
1854 2370 1919 2423 ἄν
1953 2370 2148 2437 γένοιτο
2185 2372 2348 2438 ὁρατὴ
2377 2370 2578 2437 ἄτομος

1672 2439 1807 2493 ἐστὶν
1842 2440 2124 2508 ἐπινοῆσαι.

1745 2513 1868 2575 689.
1906 2523 2109 2564 tactus:
2146 2532 2238 2581 per
2273 2516 2324 2565 la
2348 2514 2572 2564 dottrina

1674 2585 1908 2650 epicurea
1945 2593 2073 2635 tutte
2111 2587 2160 2635 le
2209 2586 2491 2637 sensazioni
2527 2586 2572 2636 si

1673 2656 1918 2705 riducono
1944 2656 2046 2705 alla
2070 2658 2363 2707 sensazione
2389 2656 2570 2706 tattile.

1745 2726 1863 2789 693.
1925 2729 2041 2790 ipse
2101 2724 2394 2793 repugnat.-
2467 2727 2576 2791 egli

1671 2794 1942 2861 (Eraclito)
1998 2799 2243 2863 partendo
2295 2798 2378 2847 dai
2433 2798 2571 2847 sensi

1672 2868 1758 2929 (ab
1805 2870 2055 2928 sensibus)
2093 2871 2347 2918 combatte
2393 2876 2581 2917 contro

1672 2938 1724 2985 la
1756 2939 2138 2987 testimoniauza
2163 2940 2246 2989 dei
2271 2940 2405 2989 sensi
2430 2938 2571 3001 (con-

1673 3016 1759 3057 tra
1787 3008 2006 3073 sensus).
2046 3012 2067 3059 1
2097 3012 2230 3059 sensi
2257 3010 2332 3074 gli
2368 3025 2580 3076 presen·-

1673 3087 1793 3129 tano
1839 3080 2006 3129 infatti
2055 3080 2093 3129 il
2131 3081 2316 3139 fuoco;
2366 3081 2428 3131 ed
2464 3080 2571 3143 egli

1671 3164 1804 3213 nega
1840 3150 1892 3199 la
1928 3148 2084 3200 realth
2121 3152 2173 3199 di
2212 3159 2338 3202 tutte
2374 3151 2426 3201 le
2454 3166 2586 3201 cose.

1672 3220 1766 3269 che
1805 3220 1821 3269 i
1859 3223 1994 3270 sensi
2033 3222 2104 3285 gli
2144 3230 2461 3287 presentium.

1745 3290 1865 3353 694.
1903 3293 2128 3341 Eraclito
2164 3292 2363 3341 infirma
2388 3291 2576 3358 quindi

1671 3361 1711 3411 il
1755 3363 1928 3412 valore
1973 3364 2026 3411 di
2075 3364 2195 3428 quei
2244 3364 2380 3412 sensi
2426 3360 2571 3426 (eos),

1673 3433 1738 3481 da
1775 3434 1856 3481 cui
1907 3434 2129 3497 dipende
2174 3434 2224 3483 la
2273 3432 2572 3497 cognizione

1673 3503 1726 3552 di
1755 3512 1900 3553 tutt0.
1927 3503 2032 3553 Cfr.
2054 3514 2309 3567 423—425.
2339 3502 2576 3553 Secondo

1671 3574 1896 3639 Epicuro
1934 3572 2032 3639 (pr.
2072 3575 2223 3639 Diog.
2263 3578 2321 3625 L.
2373 3574 2436 3633 X,
2476 3572 2582 3638 62)

1673 3643 1731 3693 τό
1766 3660 1823 3709 γε
1847 3642 2218 3710 θεωρούμενον
2239 3648 2344 3695 πᾶν
2379 3641 2414 3711 ἢ
2448 3641 2569 3694 κατ’
