2917 4275
992 326 1075 368 mz
1120 326 1335 371 RERUM
1382 327 1662 371 NATURA.
2201 330 2273 387 91
2315 294 2332 333 ‘³

380 458 685 526 praeterea
729 449 814 510 nil
861 461 950 511 est
993 454 1158 530 quod
1203 453 1394 531 possis
1438 453 1637 515 dicere
1689 455 1768 514 ab
1813 440 2067 513 omni''“

2097 460 2284 524 '7130

376 558 627 616 corpore
671 539 1001 601 seiunctum
1050 553 1458 620 secretumque
1505 563 1633 603 esse
1679 545 1757 604 ab
1800 540 1981 615 inani,

375 628 539 705 quod
583 628 749 705 quasi
794 629 967 690 tertia
1012 631 1086 690 sit
1135 650 1384 692 numero
1429 643 1641 692 natura
1684 643 1937 711 reperta.

375 736 512 775 nam
560 718 984 796 quodcumque
1031 720 1156 794 erit,
1200 740 1328 781 esse
1372 720 1599 798 aliquid
1644 721 1891 782 debebit
1936 719 1998 780 id
2044 717 2258 796 ipsum,

374 804 471 865 cui
516 805 567 865 si
615 817 807 867 tactus
854 809 965 869 erit
1009 809 1279 886 quamvis
1321 810 1471 870 levis
1514 811 1898 889 exiguusque,

2158 827 2277 886 435

374 894 650 972 augmine
696 898 791 956 vel
835 897 1049 975 grandi
1094 901 1185 959 ve]
1236 919 1420 977 parvo
1469 899 1747 976 denique,
1798 901 1941 959 dum
1990 898 2105 972 sit3
2157 917 2281 973 434

445 1121 628 1172 430-9.
666 1110 733 1160 Al
771 1113 827 1162 di
867 1111 1000 1161 fuori
1036 1112 1090 1161 di
1122 1119 1277 1161 vuoto

379 1197 407 1231 e
445 1181 656 1231 materia
691 1198 796 1232 non
834 1185 876 1232 v'
900 1179 929 1232 ὲ
977 1183 1119 1234 altro.
1158 1185 1279 1232 Non

376 1253 420 1300 v’
444 1248 474 1300 e
521 1252 570 1302 al
620 1254 811 1304 mondo
861 1271 964 1304 una
1014 1262 1147 1304 terza
1188 1271 1278 1304 na-

379 1331 506 1375 tura.
544 1324 707 1374 Tutto
745 1322 824 1375 cio
867 1327 961 1376 che
999 1322 1027 1375 ὲ
1065 1342 1098 1376 o
1133 1324 1280 1392 potr&

381 1411 547 1446 essere
598 1403 796 1446 toccato
834 1415 862 1446 e
899 1394 1009 1446 sar&
1050 1398 1277 1458 materia,

378 1482 409 1515 o
455 1483 561 1515 non
602 1465 750 1532 potr}⁴
787 1483 967 1531 essere,
1018 1464 1129 1517 cioe
1174 1485 1280 1517 non

378 1535 525 1603 potr&
562 1538 664 1586 mai
702 1546 867 1590 urtare
914 1546 1091 1589 contro
1130 1541 1277 1589 alcun

380 1623 549 1674 corp0‚
592 1625 619 1658 e
656 1607 767 1659 sarh
802 1617 973 1660 vuoto.
1012 1609 1117 1660 cfr.
1155 1611 1277 1676 Epi·

381 1695 503 1728 curo
538 1695 713 1745 presso
749 1681 901 1746 Diog.
940 1681 1031 1731 lib.
1071 1681 1135 1743 X,
1174 1695 1277 1743 40:

376 1745 520 1814 παρὰ
570 1746 630 1799 δὲ
677 1755 837 1801 ταῦτα
894 1749 1143 1818 [σώματα
1190 1749 1281 1803 καὶ

378 1818 564 1887 κενόν]
601 1818 762 1873 οὐθὲν
786 1820 905 1872 οὔτε
941 1820 1280 1890 ἐπινοηθῆναι

380 1889 609 1952 δύναται,
647 1890 767 1944 οὔτε
799 1893 1127 1960 περιληπτῶς
1163 1892 1281 1945 οὔτε

378 1959 649 2029 ἀναλόγως
685 1970 792 2021 τοῖς
816 1963 1164 2031 περιληπτοῖς,
1206 1963 1282 2022 ὥς

380 2031 512 2085 καθ’
538 2033 661 2091 ὅλας
686 2034 869 2101 φύσεις
897 2034 1278 2103 λαμβανόμενα.

381 2107 459 2157 La
494 2106 797 2159 definizione
833 2109 919 2160 del
954 2124 1110 2177 corpo
1136 2124 1281 2160 come

379 2179 441 2227 id
459 2180 545 2229 cui
565 2186 735 2229 tactus
772 2189 847 2231 est
881 2198 965 2231 era
989 2182 1283 2231 conosciuta

381 2250 543 2300 anche
578 2251 644 2300 da
667 2250 966 2314 Aristotele;
1007 2253 1097 2302 cfr.
1126 2253 1280 2317 Phys.

382 2323 469 2380 IV,
524 2332 551 2385 7
606 2324 761 2385 σῶμα
825 2319 884 2373 δὲ
934 2320 1087 2384 πόλιν
1147 2321 1285 2373 ἅπαν

381 2389 573 2441 οἴονται
633 2388 762 2443 εἶναι
822 2391 997 2445 ἁπτόν.
1060 2395 1283 2460 Epicuro

382 2470 541 2512 stesso
598 2462 698 2529 (pr.
757 2466 911 2531 Diog.
972 2467 1033 2517 L.
1077 2466 1145 2527 X,
1190 2464 1284 2530 40)

384 2532 605 2583 definiva
642 2536 679 2584 il
715 2544 870 2586 vuoto
894 2554 1039 2587 come
1075 2533 1284 2602 ἀναφὴς

385 2602 543 2669 φύσις
578 2627 651 2648 =
684 2608 933 2658 intactilis
964 2616 1187 2667 naturas
1222 2609 1285 2658 ed

384 2675 422 2725 il
449 2692 606 2743 corpo
643 2693 788 2727 come
823 2679 886 2728 id
916 2680 1061 2743 quod
1090 2682 1282 2729 obstat:

384 2747 635 2809 PlutarcO,
674 2750 791 2799 adv.
841 2748 948 2801 Col.
990 2750 1147 2800 XVI:
1201 2766 1285 2800 σο-

381 2815 624 2884 φώτερος
673 2816 732 2870 δὲ
781 2824 875 2870 τοῦ
925 2818 1213 2877 Πλάτωνος
1256 2818 1287 2870 ὁ

375 2887 709 2955 Ἐπίκουρος,
778 2887 813 2957 ᾖ
868 2890 1034 2943 πάντα
1089 2891 1285 2956 ὁμοίως

384 2958 506 3011 ὄντα
533 2960 983 3027 προσαγορεύεται,
1010 2960 1067 3013 τὸ
1088 2960 1284 3029 ἀναφὲς

384 3030 556 3094 κενὸν,
598 3030 657 3083 τὸ
694 3030 989 3098 ἀντερεῖδον
1024 3039 1195 3100 σῶμα.

456 3119 578 3169 431.
645 3108 946 3165 seiunctum,
1021 3114 1283 3166 secretum,

389 3176 479 3242 qui
539 3177 797 3226 sinonimi.
862 3179 1159 3228 Seiunctum
1225 3181 1287 3228 ab

389 3250 531 3296 omni
565 3256 810 3314 corpore:
848 3250 1182 3300 interamente
1206 3251 1286 3299 in-

385 3333 646 3384 corporee.
720 3320 779 3369 L’
803 3322 991 3381 anime,
1051 3321 1127 3385 gli
1187 3322 1286 3381 dei,

389 3405 516 3439 sono
567 3391 880 3441 sottilissime
928 3392 1154 3451 materie,
1205 3410 1289 3443 ma

386 3477 485 3525 pur
520 3477 721 3527 sempre
759 3462 984 3513 materie.

458 3545 578 3596 432.
618 3535 735 3584 sit...
780 3542 1021 3599 reperta:
1069 3535 1155 3586 nel
1192 3536 1289 3585 lin·

390 3604 616 3668 guaggio
653 3604 939 3656 lucreziano
972 3606 1205 3671 equivale
1240 3607 1290 3657 al

389 3675 637 3741 semplice
676 3677 756 3727 sit.

1456 1125 1581 1178 433.
1608 1130 1711 1163 esse
1735 1113 1941 1177 aliquid
1969 1127 2099 1163 ece.:
2140 1133 2165 1157 ι
2196 1112 2285 1160 do-

1386 1183 1475 1235 ντὲ
1511 1201 1676 1236 essere
1715 1184 1932 1250 qualche
1965 1199 2083 1232 cosa
2119 1200 2210 1249 per
2233 1182 2285 1232 siz·

1387 1264 1548 1308 stesso
1601 1276 1647 1316 n,
1697 1252 1808 1305 cioe
1860 1273 1883 1297 ε
1935 1254 2090 1305 dovr&
2141 1270 2289 1305 avere

1388 1344 1491 1378 una
1529 1328 1734 1394 propria
1770 1333 1947 1375 natura
1991 1344 2033 1375 ι.

1457 1409 1640 1464 434-5.
1679 1397 1825 1447 Circa
1860 1396 1893 1444 l'
1909 1397 2198 1446 inversione
2236 1397 2285 1445 di

1388 1473 1568 1521 ordine
1604 1470 1658 1519 in
1697 1467 1864 1535 questi
1889 1467 1990 1518 due
2013 1469 2160 1528 versi,
2200 1484 2289 1518 ne-

1388 1543 1604 1592 cessaria
1653 1535 1836 1606 perche
1887 1539 1986 1589 essi
2028 1539 2182 1589 dieno
2219 1554 2289 1588 un

1388 1630 1538 1664 senso
1575 1610 1889 1671 accettabile,
1935 1611 2080 1659 nulla
2114 1610 2183 1659 ho
2225 1610 2289 1658 da

1388 1686 1701 1750 aggiungere
1726 1683 1826 1733 alle
1852 1682 2050 1746 ragioni
2087 1688 2285 1747 esposte

1388 1756 1474 1806 dal
1512 1754 1767 1813 Giussani,
1806 1770 1836 1802 a
1873 1770 1921 1819 q.
1960 1753 1995 1804 1.

1458 1839 1582 1893 435.
1621 1826 1887 1890 quamvis.-
1935 1844 1959 1868 ι
2001 1841 2094 1890 per
2130 1840 2289 1890 quan-

1388 1905 1441 1949 to
1485 1917 1529 1962 ι,
1567 1895 1633 1948 ἀὲ.
1668 1895 1837 1945 valore
1874 1896 2184 1961 superlativo
2219 1894 2289 1944 al-

1388 1970 1422 2018 l’
1447 1968 1706 2034 aggettivo
1743 1967 1836 2016 che
1874 1981 2046 2030 segue.
2085 1968 2109 2015 Ι
2147 1970 2289 2032 corpi

1389 2041 1485 2091 che
1511 2041 1680 2089 hanno
1705 2053 1808 2087 una
1833 2035 2030 2087 densitit
2062 2038 2289 2094 minima,

1390 2127 1538 2163 come
1573 2111 1606 2160 l'
1630 2109 1747 2169 aria,
1773 2109 1946 2159 hanno
1971 2124 2124 2160 meno
2150 2109 2289 2173 degli

1390 2183 1507 2233 altri
1554 2183 1606 2231 la
1649 2178 1906 2248 proprietb.
1954 2181 2034 2232 del
2087 2190 2289 2231 tactus:

1391 2256 1455 2306 ed
1499 2251 1528 2303 ὲ
1573 2254 1639 2303 da
1686 2252 1951 2302 intendere
1994 2260 2162 2302 tactus
2206 2250 2289 2302 nel

1389 2323 1676 2391 significato
1708 2324 1924 2388 passim,
1953 2320 2064 2372 cioe
2090 2323 2174 2374 del
2199 2339 2286 2389 po-

1388 2405 1498 2448 tere
1536 2412 1701 2447 essere
1739 2395 1922 2444 toccati
1967 2410 1999 2443 o
2036 2395 2190 2444 urtati
2226 2395 2289 2443 da

1391 2470 1523 2519 altro
1559 2482 1731 2532 corpo.

1462 2552 1585 2603 434.
1611 2537 1848 2601 augmine
1871 2537 1959 2586 vel
1983 2538 2182 2602 grandi
2213 2535 2297 2586 ves‘

1385 2619 1590 2676 parvo:
1633 2610 1688 2658 in
1724 2607 1790 2667 ΙΙ,
1833 2606 1940 2670 482
1995 2628 2019 2652 ι
2063 2607 2293 2671 corporis

1391 2688 1551 2731 auctu
1597 2694 1646 2739 »ς
1689 2694 1775 2727 ma
1810 2680 2038 2742 corporis
2073 2693 2293 2743 aug-mm

1391 2749 1421 2801 ὲ·
1468 2752 1524 2801 in
1569 2752 1638 2811 ΙΙ,
1688 2759 1827 2814 495;
1876 2750 1969 2810 111,
2022 2747 2140 2798 268.
2191 2747 2293 2799 Ne]

1392 2831 1567 2873 nostro
1592 2838 1742 2888 passo
1766 2821 2010 2870 Lucrezio
2034 2819 2157 2870 vuol
2182 2819 2289 2868 dire

1392 2895 1447 2944 in
1490 2900 1751 2944 sostanza:
1807 2912 1831 2937 ε
1875 2892 2066 2957 grande
2108 2907 2140 2940 o
2183 2890 2289 2956 pie-

1393 2966 1508 3015 colo
1544 2966 1638 3015 che
1675 2963 1839 3013 risulti
1876 2980 2040 3014 essere
2070 2982 2114 3014 ι.
2152 2963 2200 3014 ΙΙ
2229 2963 2293 3011 si-

1393 3036 1634 3102 gnificato
1690 3035 1742 3084 di
1796 3051 2014 3100 augmen
2063 3035 2293 3100 corporis

1392 3124 1569 3175 presso
1626 3108 1777 3157 Lucr.
1838 3106 1881 3155 si
1943 3106 2156 3157 desume
2210 3105 2293 3155 dal

1393 3196 1544 3245 passo
1579 3180 1674 3241 111,
1714 3175 1893 3227 266-8.
1930 3178 2178 3228 Lucrezio
2213 3177 2293 3226 in-

1394 3252 1508 3300 dica
1561 3266 1660 3299 con
1716 3265 1828 3299 esso
1882 3265 1953 3298 un
2008 3248 2293 3314 complesse·

1394 3337 1654 3387 corpore0‚
1695 3320 2013 3370 considerato
2050 3336 2196 3370 come
2233 3334 2289 3367 u-

1394 3390 1502 3442 nit&
1539 3392 1814 3443 materiale.
1861 3392 2037 3442 Infatti
2074 3391 2144 3440 ivi
2182 3390 2293 3439 dice

1395 3465 1433 3513 il
1487 3470 1639 3530 poeta
1700 3463 1794 3512 che
1848 3462 1902 3511 in
1959 3461 2297 3528 qualsivoglia

1394 3536 1586 3585 viscere
1623 3533 1841 3584 animale
1885 3534 1928 3583 si
1969 3541 2109 3582 trova
2153 3532 2293 3587 odor,

1397 3608 1553 3665 calor,
1592 3615 1748 3671 sapor
1767 3622 1791 3664 ‚·
1834 3619 2024 3671 eppure
2062 3603 2128 3653 da
2165 3609 2293 3655 tutte

1397 3684 1573 3744 queste
1611 3693 1728 3728 cose
1765 3676 1941 3727 risulta
1977 3692 2142 3725 unum
2171 3682 2293 3740 per-
