2917 4275
694 307 813 377 146
1368 319 1429 362 T.
1481 316 1747 362 Lucium
1791 317 1937 359 cAR1

685 456 745 504 et
789 441 1045 521 primum
1095 441 1318 503 faciunt
1366 442 1565 520 ignem
1612 463 1674 503 se
1719 453 1950 503 vertere
1994 442 2058 502 in
2106 463 2278 504 auras

684 533 851 605 aeriS,
893 529 1035 591 hinc
1080 531 1279 608 ignem
1325 531 1509 610 gigni,
1558 542 1898 608 terramque
1944 531 2130 592 creari

687 642 760 682 ex
802 621 943 698 igni,
991 630 1269 696 retroque
1316 642 1352 680 a
1397 631 1554 680 terra
1599 630 1815 681 cuncta
1858 620 2089 690 reverti,
2476 623 2600 698 785

685 730 955 770 umorem
1003 708 1282 786 primum,
1334 720 1473 786 post
1516 716 1693 783 aeras
1722 710 1944 769 deinde
1988 711 2264 783 calorem,

689 1037 807 1079 tano
824 1029 875 1076 di
888 1029 1221 1093 Empedocle‚
1242 1045 1270 1076 e
1291 1023 1473 1093 poiche
1492 1026 1592 1076 alla

687 1100 915 1148 dottrina
951 1100 1004 1147 di
1041 1099 1359 1164 Empedocle
1396 1101 1590 1148 ritorna

684 1172 723 1220 il
763 1179 914 1235 poeta
952 1170 1006 1218 in
1054 1169 1157 1234 803
1217 1186 1245 1220 e
1301 1185 1462 1235 segg.,
1522 1169 1593 1218 mi

686 1259 778 1308 par
815 1241 868 1290 di
914 1241 1150 1290 intuitiva
1208 1240 1446 1291 evidenza
1495 1241 1589 1290 che

686 1314 729 1361 si
767 1312 919 1361 abbia
954 1312 1043 1376 qui
1081 1328 1152 1361 un
1177 1327 1326 1377 passo
1365 1312 1589 1371 intruso;

688 1400 792 1433 uno
832 1384 883 1430 di
922 1383 1043 1447 quei
1085 1384 1220 1448 passi
1272 1382 1525 1447 composti
1563 1400 1593 1430 a

689 1462 832 1520 parte
882 1453 966 1502 dal
1017 1460 1169 1520 poeta
1223 1469 1316 1519 per
1370 1454 1594 1503 metterli

687 1526 775 1590 poi
812 1541 842 1572 a
882 1532 1030 1589 posto
1062 1540 1159 1574 con
1184 1524 1461 1589 opportuni
1487 1525 1590 1573 col-

691 1596 985 1660 legamenti,
1025 1612 1053 1644 e
1092 1596 1184 1644 che
1217 1596 1402 1644 surono
1441 1595 1593 1644 messi

686 1684 715 1715 a
754 1666 980 1716 casaccio
1018 1666 1101 1714 dai
1139 1665 1459 1729 raccoglitori
1509 1667 1593 1715 dei

691 1738 806 1787 suoi
867 1737 1196 1787 manoscritti.
1256 1737 1320 1784 V.
1381 1743 1504 1785 nota
1566 1755 1595 1786 a

691 1821 869 1872 790·1.
909 1810 970 1856 In
1007 1815 1201 1872 quanto
1238 1807 1340 1856 alla
1372 1807 1595 1856 dOttrina

690 1882 730 1931 il
767 1881 954 1928 Munro
1007 1878 1076 1943 (e,
1127 1879 1516 1942 naturalmente,
1556 1879 1595 1927 il

693 1948 957 2015 Giussani)
978 1966 1103 2015 pure
1125 1951 1476 1999 ammettendo
1502 1951 1595 1999 che

689 2023 935 2074 Lucrezio
978 2022 1128 2071 abbia
1172 2021 1347 2070 voluto
1377 2022 1597 2086 prender

689 2095 741 2143 di
779 2094 906 2143 mira
959 2089 1130 2148 Γὸὃός
1181 2088 1292 2142 ἄνω
1343 2089 1492 2141 κάτω
1543 2092 1596 2142 di

694 2167 936 2228 EraclitO,
976 2181 1136 2230 pensa
1171 2162 1294 2229 pero
1326 2165 1417 2214 che
1444 2165 1596 2212 abbia

693 2236 868 2284 voluto
928 2236 1120 2299 colpire
1167 2235 1391 2283 Eraclito
1446 2242 1597 2283 attra-

690 2321 836 2356 verso
873 2306 946 2369 gli
985 2306 1143 2356 Stoici
1181 2322 1210 2354 e
1247 2306 1338 2354 che
1373 2306 1436 2354 ad
1474 2308 1596 2355 Era·

690 2378 814 2425 ciito
849 2393 952 2425 non
989 2377 1032 2425 si
1061 2377 1309 2442 potrebbe
1335 2378 1597 2426 attribuire

690 2449 740 2497 la
790 2448 1044 2497 rotazione
1099 2448 1182 2496 dei
1239 2455 1440 2512 quattro
1494 2447 1597 2496 ele-

692 2518 867 2577 menti,
907 2519 959 2567 la
1007 2519 1160 2584 quale
1212 2534 1304 2583 per
1351 2527 1530 2566 contro
1569 2515 1597 2566 ὲ

690 2590 831 2654 degli
867 2590 1053 2648 Stoici3
1111 2607 1139 2640 e
1192 2591 1292 2637 cita
1341 2591 1421 2638 De
1464 2590 1595 2640 Nat.

693 2663 874 2720 Deor„
919 2662 984 2720 11,
1037 2659 1120 2722 84.
1180 2660 1282 2708 Noi
1338 2661 1596 2709 crediamo

693 2733 789 2783 che
827 2731 1073 2781 Lucrezio
1112 2732 1274 2782 anche
1326 2732 1414 2795 qui
1454 2732 1600 2779 iden-

695 2802 855 2851 tifichi
891 2802 965 2866 gli
1003 2802 1160 2851 Stoici
1198 2803 1246 2851 ai
1284 2803 1490 2864 seguaci
1543 2803 1597 2850 di

691 2874 931 2933 EraclitO,
972 2890 1001 2924 e
1038 2874 1133 2923 che
1180 2874 1245 2922 ad
1293 2873 1519 2925 Eraclito
1558 2874 1600 2921 si

694 2944 920 2993 riserisca
956 2943 986 2994 ὲ
1024 2945 1196 3010 palese
1251 2961 1343 3010 per
1384 2944 1472 2994 noi
1510 2961 1602 3008 per

692 3015 986 3065 l’allusione
1023 3017 1115 3065 che
1152 3011 1182 3063 ὲ
1218 3016 1304 3065 nei
1352 3032 1430 3064 vV.
1473 3025 1599 3077 792-

694 3100 761 3151 33
798 3103 845 3135 v.
885 3093 1006 3135 nota
1041 3103 1071 3134 a
1110 3086 1326 3149 670-71.
1372 3086 1600 3137 Eraclito

692 3156 971 3220 insegnava
1022 3158 1201 3222 (Diog.
1253 3158 1330 3219 L.‚
1370 3158 1465 3219 IX,
1508 3155 1597 3222 9):

692 3224 1059 3292 πυκνούμενον
1104 3225 1162 3278 τὸ
1205 3232 1312 3293 πῦρ
1363 3225 1597 3293 ἐξυγραί-

692 3295 878 3348 νεσθαι
904 3296 1271 3363 συνιστάμενόν
1290 3317 1342 3348 τε
1362 3296 1599 3364 γίνεσθαι

692 3365 863 3433 ὕδωρ,
901 3368 1230 3435 πηγνύμενον
1266 3366 1326 3419 δὲ
1361 3367 1419 3419 τὸ
1444 3367 1598 3433 ὕδωρ

693 3437 767 3495 εἷς
804 3443 901 3506 γῆν
937 3438 1234 3506 τρέπεσθαι.
1272 3437 1365 3491 καὶ
1408 3438 1600 3506 ταύτην

692 3507 818 3560 ὁδὸν
853 3508 936 3560 ἐπὶ
972 3508 1030 3561 τὸ
1079 3512 1227 3562 κάτω
1275 3507 1404 3562 εἶναι
1448 3510 1597 3577 λέγει.

692 3578 845 3631 πάλιν
880 3599 935 3631 τε
971 3578 1039 3632 αὗ
1084 3578 1177 3647 τὴν
1228 3587 1325 3648 γῆν
1371 3580 1597 3648 χεῖσθαι,
1631 3580 1643 3590 ’

695 3647 755 3711 ἐξ
788 3648 853 3717 ἧς
889 3648 948 3703 τὸ
982 3651 1134 3718 ὕδωρ
1170 3651 1418 3720 γίνεσθαι,
1450 3651 1513 3704 ἐκ
1540 3649 1600 3705 δὲ

685 819 798 861 nec
843 817 1073 859 cessare
1118 800 1265 858 haec
1311 797 1466 858 inter
1514 818 1577 858 se
1623 809 1871 873 mutate,
1920 818 2117 859 meare

1699 1025 1885 1077 τούτου
1926 1024 1984 1076 τὰ
2006 1023 2175 1077 λοιπά.
2202 1028 2388 1077 Manca
2418 1029 2473 1076 in
2502 1028 2603 1078 tale

1700 1104 2089 1149 enumerazione
2161 1099 2332 1148 l'aria?
2394 1099 2484 1148 Ma
2543 1115 2602 1149 se

1700 1186 1976 1229 manicasse,
2015 1171 2363 1234 leggeremmo
2407 1170 2463 1219 in
2500 1167 2604 1220 fine

1700 1237 1760 1289 ἔκ
1799 1238 1859 1289 δέ
1895 1239 2078 1290 τούτου
2114 1239 2174 1290 τό
2207 1245 2314 1304 πῦρ
2328 1258 2350 1298 ,·
2406 1257 2461 1290 se
2510 1237 2606 1289 c’e

1699 1308 1761 1361 τὰ
1780 1308 1934 1360 λοιπὰ
1959 1309 1988 1360 ὲ
2013 1313 2076 1360 da
2096 1313 2301 1363 credere
2320 1313 2416 1362 che
2440 1312 2604 1362 anche

1700 1382 1839 1432 nella
1873 1383 2037 1448 prima
2072 1390 2216 1448 parte
2252 1383 2396 1432 l'aria
2427 1383 2503 1432 sia
2521 1383 2602 1431 in·

1698 1454 1883 1514 dicata,
1908 1454 1961 1502 in
2000 1454 2157 1519 quell'
2178 1450 2593 1518 ἐξυγραίνεσθαι,

1700 1526 1846 1589 quasi
1883 1540 2031 1575 come
2070 1524 2233 1574 forma
2270 1540 2424 1574 meno
2461 1525 2604 1574 arida

1699 1596 1784 1645 del
1809 1596 1977 1646 fuoc0.
1997 1597 2068 1645 Di
2094 1597 2186 1645 che
2208 1596 2250 1644 si
2274 1596 2448 1645 hanno
2473 1596 2603 1646 altre

1700 1682 1856 1731 prove
1877 1685 1887 1715 :
1928 1683 1997 1716 un
2023 1667 2329 1717 frammento
2354 1668 2407 1715 di
2433 1667 2601 1717 Eracl.

1699 1744 1874 1796 stesso,
1930 1738 2091 1797 Diels,
2150 1739 2218 1799 76
2279 1736 2454 1802 ζῇπῢρ
2515 1733 2609 1788 τὸν

1699 1804 1853 1871 ἀέρος
1896 1805 2124 1858 θάνατον
2172 1825 2277 1859 ecc.
2333 1809 2454 1871 (ove
2496 1825 2608 1858 non

1702 1895 1865 1943 veggo
1903 1880 2114 1943 ragione
2138 1880 2191 1928 di
2217 1886 2498 1946 sospettare
2522 1880 2609 1929 col

1700 1951 1847 1999 Diels
1903 1952 1934 1997 1'
1957 1951 2239 2000 intrusione
2297 1951 2417 2002 dell·
2447 1947 2606 2014 ἀέρος

1701 2037 1792 2086 per
1828 2022 2080 2071 influenza
2128 2019 2325 2086 stoica),
2368 2039 2396 2072 e
2453 2022 2503 2072 le
2529 2029 2608 2072 te-

1703 2093 2036 2143 stimonianze
2056 2092 2109 2142 di
2147 2093 2305 2144 Aezio
2341 2094 2381 2153 1,
2419 2106 2467 2157 3,
2502 2106 2559 2144 11
2591 2113 2606 2156 ;

1708 2164 1920 2223 Galen0‚
1967 2167 2026 2213 de
2078 2165 2138 2213 el.
2183 2181 2276 2214 sec.
2328 2165 2513 2229 Hipp„
2561 2166 2607 2225 Ι,

1704 2249 1807 2298 443
1860 2236 1927 2284 K.
1978 2235 2161 2298 (Diels,
2207 2253 2257 2301 p.
2304 2233 2415 2301 40).
2464 2236 2528 2285 V.
2566 2236 2611 2284 il

1705 2306 1810 2355 mio
1847 2306 1948 2357 vol.
1987 2324 2038 2372 p.
2080 2305 2146 2369 78
2183 2322 2294 2371 sgg.

1777 2376 1897 2439 782.
1936 2384 2181 2442 repetunt
2200 2394 2260 2426 a:
2286 2378 2415 2443 freq.
2442 2378 2608 2427 anche

1702 2443 1841 2498 nella
1859 2465 2009 2513 prosa
2032 2448 2255 2509 classica,
2278 2449 2611 2515 corrisponde

1703 2536 1732 2567 a
1771 2519 1891 2584 quel
1930 2520 2023 2569 che
2047 2519 2134 2568 noi
2164 2519 2439 2571 diremmo:
2484 2540 2509 2564 ι
2539 2520 2609 2569 ri-

1703 2590 1919 2654 salgono
1956 2591 2069 2639 sino
2105 2606 2136 2639 a
2163 2608 2208 2650 n,
2248 2606 2341 2656 per
2378 2591 2487 2640 dire
2513 2591 2612 2642 che

1705 2676 1806 2710 una
1845 2662 2141 2710 trattazione
2190 2662 2234 2710 si
2284 2661 2506 2712 cominci
2543 2662 2613 2711 da

1703 2748 1774 2780 un
1811 2732 1932 2780 dato
1969 2740 2146 2797 puntO.

1776 2801 1955 2867 784·5.
1994 2803 2114 2851 hinc
2147 2804 2333 2869 ignem,
2372 2821 2437 2853 ex
2458 2805 2578 2868 igni
2593 2821 2614 2852 .-

1704 2872 1809 2922 cosi
1847 2875 1932 2923 nei
1969 2874 2149 2934 codd.;
2190 2874 2253 2924 ed
2279 2875 2456 2925 invece
2494 2875 2548 2923 di
2575 2891 2610 2922 a

1707 2953 1869 3003 terra,
1916 2946 1974 2993 in
2012 2953 2223 2996 terram.
2262 2946 2316 2997 Si
2357 2941 2501 2995 muto
2541 2946 2610 2994 da

1704 3015 1852 3064 molti
1888 3016 2008 3064 hinc
2047 3017 2273 3075 imbrem,
2313 3033 2378 3065 ex
2413 3018 2572 3066 imbri
2586 3036 2614 3075 ,-

1695 3095 1789 3136 'ma
1826 3103 1871 3135 v.
1919 3086 1957 3134 il
2002 3086 2105 3135 mio
2147 3086 2248 3136 vol.
2291 3104 2343 3152 p.
2396 3098 2479 3152 77.
2529 3087 2610 3137 La

1704 3157 1991 3207 mutazione
2045 3157 2133 3206 noi
2181 3172 2287 3206 non
2336 3158 2611 3209 riteniamo

1704 3228 1870 3278 sicura
1906 3245 1997 3293 per
2036 3228 2055 3276 i
2106 3228 2338 3278 riscontri
2385 3245 2481 3279 con
2518 3230 2606 3279 Er.

1702 3299 1983 3363 Leggendo
2008 3300 2174 3363 ignem
2195 3301 2349 3364 gigni
2380 3300 2420 3349 il
2455 3316 2608 3365 passo

1704 3370 1747 3419 si
1789 3370 2002 3419 accorda
2049 3386 2146 3419 con
2189 3371 2355 3421 Eracl.
2401 3371 2609 3420 framm.

1707 3440 1773 3503 76
1826 3441 1920 3499 D.;
1978 3441 2235 3506 leggendo
2285 3458 2350 3490 ex
2398 3443 2512 3508 igni
2564 3441 2612 3492 si

1703 3512 1915 3562 accorda
1968 3528 2064 3561 con
2112 3512 2284 3573 Aezio,
2334 3513 2374 3573 1,
2426 3525 2475 3576 3,
2527 3527 2548 3562 1
2564 3526 2587 3562 1
2601 3551 2615 3576 ,

1702 3600 1753 3648 p.
1789 3596 1861 3644 40
1899 3582 1963 3631 D.

1779 3653 1899 3717 787.
1935 3670 2026 3703 nec
2061 3670 2258 3704 cessare
2306 3655 2429 3704 haec
2469 3655 2615 3705 inter
