2917 4275
968 320 1051 363 mr
1096 320 1313 364 RERUM
1358 319 1639 365 NATURA.
2185 308 2270 384 89

354 446 554 525 lingua
598 465 736 506 meo
781 445 979 507 suavis
1020 446 1132 506 diti
1176 447 1252 506 de
1301 456 1546 525 pectore
1593 446 1822 518 fundet,

355 547 421 597 ut
464 556 670 597 verear
714 556 792 596 ne
836 536 1005 596 tarda
1050 535 1213 614 prius
1258 555 1365 614 per
1409 537 1681 596 membra
1726 544 1999 595 senectus

357 635 553 703 serpat
600 636 661 686 et
706 625 768 686 in
815 625 990 685 nobis
1035 625 1176 686 vitai
1221 627 1477 685 claustra
1520 626 1794 695 resolvat,
2143 642 2181 694 4
2197 642 2220 680 1
2236 642 2265 699 5

356 734 537 793 quam
583 712 696 774 tibi
742 716 819 774 de
864 714 1071 792 quavis
1112 733 1233 774 una
1277 733 1342 774 re
1387 714 1655 774 versibus
1700 712 1896 774 omnis

354 813 838 882 argumentorum
884 803 958 864 sit
1004 803 1178 881 copia
1224 803 1400 864 missa
1443 822 1553 881 per
1597 802 1772 863 auris·

445 893 565 953 Sed
612 911 775 954 nunc
819 903 887 952 ut
931 902 1195 971 repetam
1243 904 1522 971 coeptum
1568 903 1876 970 pertexere
1922 889 2110 964 dictis,

354 980 549 1041 omnis
594 992 661 1042 ut
706 992 796 1042 est
840 980 1015 1059 igitur
1060 1002 1168 1060 per
1213 1002 1275 1042 se
1323 992 1534 1042 natura
1583 983 1818 1042 duabus

354 1070 618 1131 constitit
666 1070 728 1132 in
773 1073 984 1132 rebus:
1059 1091 1198 1131 nam
1244 1089 1495 1149 corpora
1540 1081 1697 1146 sunt,
1746 1081 1807 1130 et
1850 1068 2045 1144 inane,
2144 1089 2268 1141 420

355 1160 503 1221 haec
545 1158 608 1220 in
656 1180 779 1239 quo
823 1159 937 1220 sita
981 1171 1119 1221 sunt
1164 1171 1227 1220 et
1270 1179 1389 1239 qua
1433 1160 1668 1221 diversa
1711 1168 2046 1220 moventur.

353 1407 382 1440 e
442 1404 541 1438 con
600 1389 633 1438 l'
653 1390 765 1440 idea
829 1391 1108 1441 accessoria
1167 1390 1261 1439 che

353 1460 602 1510 Memmio
665 1482 689 1505 α
752 1463 795 1512 si
852 1462 1091 1512 abbeveri
1116 1480 1168 1505 „
1227 1477 1257 1510 a

354 1531 525 1598 quelle
562 1531 711 1585 fonti.

423 1615 546 1666 413.
585 1603 645 1652 de
672 1611 916 1669 pectore:
954 1605 1043 1653 cfr.
1083 1610 1204 1656 nota
1229 1621 1260 1653 a

356 1684 476 1740 731·

421 1755 546 1810 415.
583 1747 715 1796 vitai
738 1746 970 1796 claustra
1006 1747 1232 1798 resolvat
1240 1763 1258 1795 .·

352 1813 564 1882 giacche
597 1815 882 1883 (1038-39)
923 1838 947 1861 α
977 1826 1174 1868 natura
1203 1835 1258 1866 a·

354 1890 647 1938 nimantum
675 1890 864 1955 deffluit
885 1890 1124 1938 amittens
1149 1906 1260 1939 cor-

347 1968 471 2024 pus.
504 1977 548 2009 ».
578 1959 639 2007 L'
658 1960 937 2025 immagine
957 1976 1063 2010 non
1082 1957 1112 2009 ὲ
1135 1958 1259 2026 pero

354 2030 441 2080 nel
476 2046 626 2081 senso
669 2031 929 2097 platonico
985 2031 1069 2082 del
1120 2033 1260 2083 cieco

354 2116 555 2153 carcere
609 2109 809 2154 terreno
858 2119 887 2153 e
935 2104 1018 2155 dei
1074 2103 1259 2154 vincoli

356 2174 585 2239 corporei
606 2193 617 2224 ε
647 2170 857 2241 giacehe
881 2192 974 2241 per
999 2177 1258 2240 Lucrezi0,

354 2246 579 2295 sbarrate
615 2247 665 2296 le
690 2254 837 2312 porte
855 2247 992 2298 della
1009 2248 1126 2306 vita,
1155 2264 1260 2297 non

353 2319 394 2366 c'
414 2312 443 2364 ὲ
481 2312 573 2383 piii
609 2318 795 2378 anima,
834 2334 865 2367 o
902 2319 1094 2384 meglio
1116 2320 1259 2369 l’ani-

363 2403 446 2437 ma
468 2388 512 2438 si
535 2387 669 2438 disfa
693 2389 834 2454 negli
860 2389 1101 2440 elementi
1128 2391 1259 2441 suoi.

422 2470 547 2522 417.
585 2461 741 2509 missa
771 2468 872 2526 per
909 2463 1092 2511 auris:
1132 2463 1258 2512 Ora-

354 2530 447 2590 zio,
487 2532 588 2595 Ep.
615 2531 692 2580 ad
715 2534 822 2582 Pis.
858 2530 957 2581 180
985 2553 1009 2576 α
1042 2535 1256 2582 demissa

346 2609 448 2665 per
486 2618 667 2651 aurem
711 2622 753 2654 ι.

423 2671 545 2733 418.
596 2682 820 2738 repetam
838 2710 850 2723 .
865 2710 877 2723 .
895 2713 905 2724 .
950 2683 1222 2740 pertexere
1244 2694 1261 2723 .·

358 2761 381 2785 ε
437 2743 690 2808 riprenda,
737 2745 1000 2799 ricominci
1050 2765 1093 2796 ι.
1143 2746 1256 2795 Con

351 2812 385 2861 l'
412 2813 614 2864 infinito
677 2817 839 2866 anche
894 2817 947 2866 in
1001 2817 1092 2877 VI,
1151 2828 1254 2880 937

358 2903 383 2927 ι
423 2885 587 2935 Nunc
629 2888 795 2936 omnis
836 2896 1063 2953 repetam
1100 2904 1255 2953 quam

353 2972 481 3004 raro
518 2966 727 3022 corpore
762 2960 873 3009 sint
905 2976 988 3009 res
1034 2958 1255 3009 Comme-

352 3043 558 3077 morare
598 3047 642 3079 ι.

423 3111 677 3161 419-420.
702 3099 806 3150 Cfr.
836 3101 982 3166 Epic.
1003 3118 1077 3166 pr.
1098 3101 1252 3167 Diog.

352 3169 520 3219 Laert.
549 3172 613 3231 X,
637 3184 731 3235 39:
760 3168 817 3220 τὸ
841 3175 946 3221 πᾶν
970 3168 1074 3222 ἔστι
1099 3175 1254 3238 σῶμα

352 3236 475 3306 [καὶ
525 3240 712 3309 κενόν]
725 3261 744 3304 ‚·
794 3243 865 3292 ivi
909 3243 1002 3294 86:
1053 3240 1110 3293 τὸ
1152 3247 1255 3295 πᾶν

352 3314 506 3375 σῶμα
537 3310 629 3363 καὶ
654 3310 863 3379 ἀναφὴς
890 3311 1048 3379 φύσις
1083 3312 1220 3366 ἐστίν
1232 3335 1255 3375 ,-

352 3382 700 3451 ΕΡὶο.’Ῑ)ι·εεεο
723 3386 859 3435 Plut.
885 3386 1003 3436 adv.
1029 3386 1134 3437 Col.
1161 3387 1252 3447 XI,

355 3462 382 3516 5
407 3472 418 3503 ε
456 3451 491 3518 ἧ
518 3459 625 3507 τῶν
649 3453 816 3507 ὄντων
853 3454 1011 3522 φύσις
1036 3454 1255 3522 σώματᾶ

254 3562 261 3566 .
353 3521 474 3596 ἐστιἱ
493 3523 586 3577 καὶ
622 3525 816 3591 τόπος;
863 3528 955 3579 cfr.
998 3529 1068 3578 ivi
1109 3530 1253 3590 XIII,

355 3607 405 3658 3.
449 3598 493 3646 E
543 3599 607 3649 da
656 3608 833 3651 notare
880 3601 975 3650 che
1021 3601 1112 3666 qui
1164 3617 1257 3667 per

355 3675 573 3733 corpora
609 3672 855 3722 Lucrezio
897 3687 1002 3723 non
1045 3672 1255 3723 intende

1369 1387 1463 1456 pih
1499 1389 1573 1454 gli
1597 1390 1770 1449 atomi,
1808 1388 1956 1440 bensi
1988 1389 2039 1439 la
2064 1390 2273 1440 materia

1369 1461 1644 1521 sensibile;
1684 1477 1712 1511 e
1750 1460 1920 1512 infatti
1952 1461 1995 1511 si
2032 1461 2274 1510 richiama

1369 1532 1470 1581 alla
1525 1533 1917 1582 testimonianza
1976 1531 2096 1582 dell'
2125 1548 2271 1597 espe-

1368 1603 1538 1654 rienza
1580 1603 1650 1666 (v,
1693 1602 1825 1668 422)
1873 1620 1964 1668 per
2009 1604 2271 1654 affer-mare

1369 1676 1402 1723 l'
1419 1675 1667 1725 esistenza
1693 1675 1831 1725 della
1856 1675 2080 1725 materia.
2118 1675 2271 1741 Dopo

1367 1746 1419 1795 la
1455 1746 1846 1797 dimostrazione
1882 1747 2093 1812 dunque
2130 1747 2272 1810 degli

1369 1819 1528 1868 atomi
1576 1816 1826 1866 invisibili
1874 1833 1903 1868 e
1957 1817 2041 1867 del
2096 1825 2268 1877 vuoto,

1367 1889 1583 1939 l'autore
1616 1905 1762 1953 passa
1799 1889 2268 1946 all'affermazione:

1366 1956 1434 2009 ne
1459 1957 1549 2009 v'e
1586 1960 1637 2009 al
1662 1960 1853 2010 mondo
1890 1959 2020 2009 altro
2045 1960 2139 2010 che
2163 1976 2269 2009 ma·

1368 2032 1494 2082 teria
1521 2048 1550 2082 e
1577 2037 1750 2081 vuoto.
1788 2031 1909 2080 Non
1943 2026 2034 2079 v'e
2071 2027 2137 2079 ne
2173 2031 2269 2081 sle-

1366 2109 1624 2169 gamento‚
1664 2098 1730 2152 ne
1766 2103 1911 2162 salto,
1951 2098 2014 2152 ne
2044 2102 2268 2153 arbitrio.

1368 2176 1454 2224 Ha
1490 2174 1791 2224 dimostrato
1838 2175 1931 2224 che
1974 2174 2024 2223 la
2060 2174 2271 2224 materia

1368 2246 1571 2296 visibile
1631 2245 1810 2295 risulta
1870 2246 1923 2294 di
1983 2246 2270 2311 corpuscoli

1368 2316 1614 2367 invisibili
1670 2332 1768 2366 con
1822 2323 1978 2366 vuoto
2033 2317 2266 2368 interno:

1368 2390 1431 2439 ed
1469 2405 1527 2438 or
1562 2404 1713 2454 passa
1747 2404 1777 2437 a
1813 2389 2144 2438 dimostrare:
2183 2388 2269 2438 nel

1367 2460 1558 2509 mondo
1595 2476 1702 2510 non
1738 2455 1828 2507 v'e
1863 2459 1959 2508 che
1995 2459 2204 2509 materia
2240 2477 2268 2509 e

1366 2538 1539 2581 vuoto.
1585 2531 1631 2580 Il
1668 2546 1817 2580 senso
1854 2530 1901 2579 ci
1944 2537 2181 2596 presenta
2217 2530 2269 2579 la

1364 2601 1600 2653 materia:
1653 2601 1692 2650 il
1737 2602 2121 2666 ragionamento
2161 2597 2268 2666 (λο-

1362 2671 1569 2738 γισμός)
1615 2673 1663 2724 ci
1704 2673 1773 2722 ha
1816 2673 1943 2722 fatto
1986 2671 2209 2736 scoprire
2249 2672 2267 2720 i

1364 2745 1506 2810 corpi
1566 2744 1813 2795 invisibili
1872 2739 2157 2808 (ἄδηλον)
2214 2743 2268 2791 di

1362 2816 1445 2865 cui
1495 2832 1607 2866 essa
1655 2815 1846 2875 risulta,
1896 2816 1959 2866 ed
2008 2814 2048 2863 il
2094 2820 2266 2863 vuoto.

1364 2887 1480 2937 Una
1500 2894 1635 2936 terza
1656 2895 1837 2937 natura
1853 2902 1960 2936 non
1974 2882 2049 2934 c’e
2062 2884 2268 2951 (quindi

1363 2974 1470 3006 non
1518 2957 1551 3006 l'
1573 2959 1702 3017 idea,
1754 2973 1861 3007 non
1906 2958 1940 3006 l'
1962 2957 2131 3007 anima
2185 2957 2266 3006 in-

1363 3028 1647 3095 corporea).

1434 3114 1558 3162 421.
1596 3102 1716 3149 haec
1750 3102 1809 3150 in
1847 3117 1945 3165 quo
1974 3121 2047 3141 =
2071 3102 2129 3150 in
2167 3117 2268 3164 quo

1363 3174 1499 3221 haec.
1560 3200 1625 3208 —
1681 3189 1785 3237 qua
1804 3189 1821 3220 .-
1879 3192 1903 3217 «
1953 3178 2175 3222 traverso
2229 3171 2267 3220 il

1363 3243 1516 3309 quale
1547 3262 1589 3294 ι.
1630 3269 1696 3279 —-
1724 3244 1926 3293 diversa
1945 3261 1963 3292 .·
2005 3263 2027 3286 e
2057 3244 2112 3293 in
2143 3243 2267 3292 varii

1365 3315 1502 3364 sensi
1545 3334 1589 3365 ι.

1434 3398 1540 3448 422
1562 3402 1591 3435 e
1610 3401 1721 3450 sgg.
1736 3387 1897 3435 Tutto
1916 3394 2097 3452 questo
2116 3401 2266 3452 passo

1363 3456 1502 3523 (sino
1550 3458 1598 3507 al
1643 3472 1786 3506 verso
1829 3455 1960 3521 428)
1996 3458 2064 3507 ha
2098 3456 2267 3507 fedele

1364 3529 1611 3578 riscontro
1648 3543 1745 3576 con
1783 3527 1833 3578 le
1871 3527 2045 3593 parole
2089 3543 2264 3593 super-

1365 3600 1470 3650 stiti
1491 3600 1545 3649 di
1569 3599 1793 3666 Epicuro
1811 3598 1910 3665 (pr.
1931 3600 2086 3664 Diog.
2112 3599 2172 3648 L.
2200 3598 2263 3659 X,

1366 3669 1554 3737 39-40)
1611 3670 1706 3721 che
1754 3671 1843 3736 qui
1898 3671 2261 3736 riporteremo:
