2917 4275
727 289 807 364 78
936 301 945 310 “
1382 301 1443 351 τ.
1491 301 1758 346 Lucum
1801 300 1969 347 cano

723 429 1071 510 corporibus
1115 428 1306 492 caecis
1350 427 1528 508 igitur
1571 438 1782 490 natura
1827 428 1977 508 gerit
2020 447 2133 490 res,

813 523 943 581 Nec
986 529 1188 580 tamen
1235 519 1506 596 undique
1552 537 1838 596 corporea
1883 518 2100 597 stipata
2143 528 2428 579 tenentur

723 609 924 671 omnia
968 620 1211 670 natura:
1281 618 1541 685 namq'ue
1589 617 1679 667 est
1721 606 1786 668 in
1830 609 2011 668 rebus
2055 607 2251 670 inane.

2508 629 2635 685 330

722 700 885 777 quod
931 698 1042 759 tibi
1088 717 1376 776 cognosse
1423 696 1485 757 in
1531 696 1734 758 multis
1780 696 1895 758 erit
1938 696 2082 756 utile
2126 699 2309 758 rebus

719 808 831 849 nec
877 787 1031 848 sinet
1075 796 1370 848 errantem
1417 785 1692 847 dubitare
1741 796 1804 846 et
1845 805 2129 864 quaerere
2174 805 2408 864 semper

721 879 798 938 de
843 896 1075 938 summa
1116 894 1314 937 rerum
1362 886 1422 936 et
1458 874 1674 935 nostris
1718 873 1989 935 diffidere
2039 873 2233 938 dictis.

720 986 839 1045 qua
880 976 1144 1045 propter,
1193 968 1360 1028 locus
1407 974 1500 1026 est
1541 963 1795 1026 intactus
1837 964 2015 1028 inane
2060 984 2427 1042 vacansque:

714 1159 942 1223 pendens
977 1173 1161 1207 saxum
1180 1176 1204 1215 ,·
1241 1156 1332 1217 VI,
1371 1157 1472 1222 564
1501 1169 1623 1226 pro·

724 1238 917 1280 tractae
953 1229 1122 1278 trabes
1159 1230 1467 1292 impendent.

796 1299 920 1364 328.
958 1301 1253 1364 corporibus
1290 1302 1445 1351 caecis
1462 1320 1481 1352 .·
1536 1305 1625 1354 cfr.

727 1384 849 1436 277.
885 1374 963 1423 La
1000 1380 1182 1422 natura
1230 1373 1435 1437 dunque
1474 1392 1631 1441 opera

726 1459 826 1494 con
860 1445 1003 1510 corpi
1031 1444 1292 1493 invisibili.
1319 1443 1431 1494 Con
1451 1455 1631 1512 questo

726 1532 869 1565 verso
908 1516 956 1564 di
999 1515 1331 1564 conclusione
1379 1517 1419 1565 il
1476 1527 1631 1583 poeta

634 1591 641 1598 ⁴
726 1586 912 1636 chiude
946 1586 999 1634 13
1035 1586 1288 1651 parentesi
1339 1597 1515 1651 aperta
1581 1590 1630 1638 al

725 1675 771 1707 v.
812 1658 930 1721 265.
969 1658 1089 1720 Egli
1116 1658 1184 1705 ha
1209 1666 1452 1709 mostrato
1482 1676 1629 1710 come

726 1729 809 1778 dei
848 1730 991 1794 corpi
1029 1729 1257 1794 organici
1285 1745 1314 1778 e
1342 1730 1630 1796 inorganiei

724 1794 753 1848 ὲ
789 1807 925 1850 certo
963 1800 1241 1851 l’aumento
1270 1818 1302 1849 0
1329 1800 1380 1849 13
1407 1804 1626 1853 diminu-

722 1872 886 1932 zione,
926 1887 1118 1937 eppure
1157 1872 1206 1930 le
1244 1873 1508 1937 particelle
1535 1875 1629 1925 che

725 1944 776 1991 di
813 1941 952 1992 volta
977 1943 1020 1992 si
1048 1943 1379 2007 aggiungono
1404 1961 1436 1994 o
1464 1946 1508 1994 si
1534 1945 1628 1996 tol-

723 2030 861 2078 gono
898 2029 1005 2063 non
1045 2014 1088 2063 si
1125 2029 1377 2078 veggono.
1403 2015 1628 2083 Dunque

725 2085 814 2134 dal
849 2083 978 2135 fatto
1016 2085 1112 2135 che
1147 2086 1221 2151 gli
1261 2088 1418 2136 atomi
1456 2104 1563 2137 non
1586 2090 1629 2140 si

727 2173 980 2222 veggono,
1021 2174 1125 2214 non
1163 2155 1206 2208 si
1255 2155 1361 2224 puo
1413 2159 1628 2211 dedurre

725 2227 820 2277 che
873 2228 972 2278 essi
1019 2244 1124 2278 non
1172 2229 1429 2280 esistano:
1488 2232 1628 2296 dagli

721 2300 938 2365 esempii
1021 2301 1276 2365 apportati
1350 2301 1626 2368 bisognerb.

727 2371 838 2420 anzi
876 2371 1089 2420 dedurre
1129 2371 1225 2421 che
1261 2387 1359 2422 con
1384 2375 1529 2438 corpi
1550 2375 1627 2424 in-

723 2441 916 2492 visibili
952 2443 1120 2507 agisce
1157 2442 1209 2492 la
1245 2452 1440 2493 natura.

797 2513 1049 2577 329-369.
1089 2514 1133 2563 11
1158 2522 1310 2579 poeta
1335 2515 1402 2565 ha
1424 2515 1624 2581 parlato

725 2586 888 2635 finora
936 2585 1072 2635 della
1121 2587 1346 2635 materia.
1399 2589 1491 2637 Ma
1540 2587 1626 2637 nel

726 2656 918 2707 mondo
953 2672 1083 2706 sono
1121 2658 1220 2706 due
1245 2656 1403 2708 realt&
1427 2666 1625 2709 sostan·

725 2727 875 2778 ziali:
915 2729 1126 2778 materia
1164 2745 1192 2777 e
1228 2737 1399 2779 vuoto.
1450 2729 1506 2781 Si
1544 2746 1625 2779 ac·

724 2799 875 2863 cinge
913 2815 1001 2848 ora
1051 2815 1081 2848 3
1131 2799 1430 2850 dimostrare
1473 2801 1504 2850 1’
1530 2802 1627 2852 esi-

723 2878 892 2920 stenza
944 2869 1028 2920 del
1064 2877 1234 2920 vuoto.
1284 2872 1330 2921 Ε
1374 2879 1516 2922 trova
1555 2873 1627 2921 fa·

724 2941 964 2991 eilmente
1000 2942 1038 2990 il
1074 2941 1277 3006 legame
1315 2958 1412 2992 eon
1463 2944 1516 2992 la
1553 2944 1626 2993 di·

723 3012 1061 3063 mostrazione
1109 3014 1430 3078 precedente.
1489 3016 1554 3066 Se
1610 3016 1627 3064 i

723 3085 864 3146 corpi
903 3085 1151 3134 risultano
1180 3085 1235 3134 di
1262 3087 1434 3144 atomi,
1463 3087 1628 3150 questi

723 3156 880 3204 atomi
901 3171 1029 3205 sono
1057 3155 1142 3205 nel
1171 3172 1328 3222 corpo
1355 3155 1463 3206 cosi
1489 3173 1628 3207 com-

721 3226 866 3292 pani,
910 3226 1006 3275 che
1044 3243 1150 3277 non
1177 3227 1225 3276 vi
1252 3229 1328 3277 sia
1353 3229 1526 3294 spazio
1554 3238 1628 3278 tra

720 3297 860 3347 l'uno
900 3313 928 3346 e
975 3297 1007 3345 1’
1027 3297 1189 3348 altro?
1244 3324 1312 3334 —
1368 3300 1625 3363 undique.-

721 3371 786 3418 da
825 3376 950 3418 tutte
987 3367 1038 3418 le
1072 3385 1160 3419 sue
1187 3371 1335 3435 parti.
1363 3369 1630 3435 Raffigura

720 3441 1102 3506 poeticamente
1123 3455 1271 3491 come
1294 3458 1348 3492 se
1375 3442 1425 3491 la
1451 3450 1630 3492 stretta

720 3528 749 3560 a
788 3513 1107 3562 condensare
1144 3512 1181 3561 il
1220 3528 1376 3579 corpo
1416 3531 1444 3563 e
1484 3531 1513 3562 a
1552 3514 1629 3563 far

719 3581 763 3633 si
801 3583 896 3633 che
940 3584 1118 3633 dentro
1166 3599 1273 3633 non
1318 3586 1365 3634 vi
1426 3586 1627 3651 penetri

720 3663 874 3705 vuoto
912 3670 1171 3721 provenga
1196 3656 1263 3705 da
1287 3657 1452 3707 sforzo
1474 3665 1628 3707 ester·

1738 1178 1823 1212 no.
1849 1158 1971 1210 Cosi
1998 1176 2125 1225 pure
2145 1161 2199 1210 in
2218 1172 2323 1224 344
2364 1180 2389 1205 e
2412 1162 2641 1226 undique

1737 1232 1975 1282 materies
2010 1232 2197 1296 stipata
2239 1249 2282 1282 ι.
2343 1259 2404 1268 -
2465 1240 2638 1297 corpo·

1736 1320 1877 1353 rea...
1916 1308 2147 1351 natura.-
2185 1304 2283 1353 abl.
2313 1304 2366 1353 di
2398 1305 2638 1355 determi-

1737 1376 1951 1425 nazione
1977 1373 2269 1423 dell’omm'a
2287 1389 2304 1423 .·
2340 1394 2365 1419 e
2395 1382 2525 1426 tutto
2553 1373 2637 1425 cio

1737 1447 1833 1496 che
1868 1446 1937 1495 ha
1974 1453 2155 1495 natura
2191 1461 2437 1512 corporea
2481 1464 2525 1497 ο.

1808 1530 1928 1581 330.
1968 1523 2041 1566 est
2072 1517 2128 1565 in
2164 1517 2316 1566 rebus
2361 1518 2551 1567 inane.-
2598 1518 2638 1567 il

1738 1589 1977 1639 Giussani
2025 1589 2264 1638 intende:
2329 1606 2352 1632 α
2403 1590 2490 1639 nel
2544 1605 2639 1638 nu-

1736 1677 1876 1726 rnero
1903 1660 2038 1709 delle
2066 1676 2183 1710 cose
2222 1659 2263 1708 c’
2286 1656 2314 1708 ὲ
2340 1660 2379 1709 il
2403 1667 2556 1711 vuoto
2591 1680 2636 1711 ι.

1735 1734 1781 1782 Ε
1834 1732 2069 1781 evidente
2128 1732 2222 1781 che
2284 1732 2411 1781 deve
2475 1733 2640 1781 inten-

1736 1803 1901 1852 dersi:
1936 1822 1958 1846 ι
1989 1803 2108 1851 nell’
2130 1803 2331 1854 interno
2358 1802 2493 1852 delle
2519 1818 2639 1854 cose

1736 1874 1777 1923 c’
1800 1870 1828 1921 ὲ
1866 1873 1906 1922 il
1941 1883 2096 1924 vuoto
2133 1892 2179 1922 ι.
2216 1874 2391 1924 Infatti
2416 1889 2639 1938 namque

1734 1953 1809 1994 est
1842 1946 1897 1993 in
1922 1944 2072 1993 rebus
2097 1946 2251 1993 inane
2288 1942 2316 1993 ὲ
2340 1945 2391 1994 13
2420 1946 2637 2010 ragione

1735 2017 1788 2066 di
1826 2016 1943 2082 quel
1982 2016 2077 2066 che
2115 2016 2361 2066 Lucrezio
2400 2017 2514 2066 dice
2552 2017 2639 2065 nel

1734 2103 1878 2139 verso
1930 2090 2247 2151 precedente,
2285 2087 2380 2137 che
2429 2084 2543 2137 cioe
2587 2087 2641 2136 13

1734 2160 1947 2209 materia
1997 2176 2104 2210 non
2154 2158 2182 2209 ὲ
2237 2167 2366 2209 tutta
2413 2160 2637 2210 conden-

1733 2238 1843 2281 sata
1881 2247 1910 2281 e
1936 2239 2229 2296 compatta3
2268 2229 2480 2296 giaeche
2508 2231 2639 2289 anzi,

1736 2303 2009 2367 aggiunge,
2047 2301 2116 2351 ha
2149 2303 2190 2351 il
2227 2310 2381 2352 vuoto
2419 2303 2637 2352 interno.

1735 2374 1837 2424 Cfr.
1885 2373 1970 2423 del
2017 2382 2150 2424 resto
2200 2374 2241 2433 Ι,
2294 2381 2397 2436 512
2437 2391 2460 2417 α
2518 2389 2639 2436 quo·

1734 2446 1875 2495 niam
1919 2445 2108 2507 genitis
2144 2446 2199 2494 in
2248 2444 2400 2493 rebus
2436 2445 2643 2494 inanest

1734 2516 2007 2565 Materiem
2044 2517 2233 2565 circum
2272 2516 2484 2564 solidam
2521 2531 2637 2563 con·

1734 2593 1872 2636 stare
1908 2592 2148 2636 necessest
2185 2604 2240 2648 »ς
2277 2587 2318 2650 1,
2347 2586 2448 2651 569
2480 2604 2503 2630 α
2546 2587 2638 2633 ad-

1736 2660 1953 2707 mixtum
2002 2659 2244 2721 quoniam
2288 2657 2445 2707 semel
2476 2663 2552 2705 est
2581 2658 2640 2705 in

1736 2731 1885 2785 rebus
1934 2730 2089 2778 inane
2130 2744 2185 2787 »ς
2237 2727 2343 2779 cosi
2390 2731 2453 2788 V,
2500 2728 2637 2792 3653

1736 2801 1777 2863 1,
1817 2812 1924 2862 400
1965 2820 1988 2843 ε
2020 2816 2119 2849 csse
2153 2801 2210 2848 in
2241 2801 2390 2849 rebus
2427 2800 2582 2849 inane
2613 2817 2637 2842 ι

1737 2870 1914 2936 (segue
1952 2871 2053 2920 3113
2092 2870 2485 2922 dimostrazione
2534 2871 2640 2920 del-

1736 2942 1769 2991 l'
1783 2944 1889 2992 aria
1942 2943 2038 2991 che
2092 2943 2364 2993 racchiude
2415 2944 2641 2992 interna-

1737 3020 1908 3063 mente
1934 3014 1971 3063 il
1999 3012 2205 3077 vuoto);
2244 3016 2283 3077 1,
2314 3012 2416 3078 843
2442 3031 2453 3063 :
2499 3032 2522 3055 ε
2551 3027 2643 3063 nec

1736 3091 1905 3134 tamen
1968 3099 2068 3134 esse
2128 3085 2238 3133 ulla
2299 3086 2426 3133 idem
2488 3090 2641 3147 parte

1735 3159 1792 3204 in
1830 3157 1977 3206 rebus
2013 3157 2184 3205 inane.
2208 3155 2447 3206 Concedit
2465 3192 2476 3205 .
2498 3189 2512 3204 .
2533 3187 2550 3204 .
2595 3172 2639 3205 ⁸.

1737 3230 1801 3278 V.
1842 3227 1891 3276 al
1930 3245 1975 3277 v.
2014 3239 2113 3290 347
2157 3245 2185 3277 e
2222 3227 2259 3276 il
2294 3234 2467 3277 nostro
2496 3227 2638 3278 artic.

1737 3299 1792 3348 in
1831 3299 1944 3347 Riv.
1983 3300 2039 3347 di
2072 3300 2224 3347 Filol.
2264 3299 2455 3360 XXXI,
2496 3315 2545 3362 p.
2588 3297 2636 3347 6.

1810 3382 1931 3433 334.
1956 3386 2060 3431 qua
2078 3376 2323 3434 propter:
2349 3371 2438 3435 qui
2470 3386 2562 3435 per
2586 3370 2636 3417 13

1738 3441 1930 3507 ripresa
1969 3442 2086 3490 dell'
2111 3449 2441 3506 argoment03
2498 3441 2639 3505 equi·

1737 3513 1851 3563 vale
1868 3530 1896 3560 a
1917 3529 1987 3562 un
2000 3514 2245 3579 semplice
2255 3506 2444 3576 Ἰξίων.
2459 3513 2534 3562 La
2553 3511 2635 3561 de·

1737 3584 1978 3634 finizione
2003 3584 2085 3634 del
2111 3592 2267 3635 vuoto
2292 3600 2439 3633 come
2465 3583 2638 3648 spazio

1739 3655 2044 3721 intangibile
2071 3651 2099 3704 ὲ·
2126 3657 2176 3705 di
2197 3656 2413 3706 schietto
2436 3662 2637 3721 stampe
