2917 4275
697 300 819 357 160

1364 311 1424 356 T.
1476 309 1740 353 LUCRETI
1787 268 1932 354 C⁸AR1

781 439 959 497 Nunc
1002 455 1132 514 age,
1180 435 1346 512 quod
1392 454 1571 513 super
1608 444 1713 509 est,
1748 454 2044 513 cognosce
2089 445 2150 495 et
2193 432 2404 496 clarius
2438 434 2605 496 audi.

688 545 804 586 nec
848 545 946 585 me
989 522 1176 584 animi
1219 523 1368 584 fallit
1413 543 1594 602 quam
1639 523 1759 584 sint
1802 527 2087 585 obscura:
2157 526 2265 585 sed
2309 522 2431 584 acri

687 613 977 693 percussit
1019 615 1222 692 thyrso
1266 612 1461 673 laudis
1496 632 1634 691 spes
1677 633 1894 692 magna
1937 633 2136 673 meum
2185 633 2288 674 001·

689 713 751 763 et
794 702 968 763 simul
1012 700 1258 764 incussit
1299 721 1542 762 suavem
1588 700 1672 762 mi
1718 700 1782 762 in
1826 712 2036 780 pectus
2078 721 2342 763 amorem

685 811 1008 863 musarum,
1057 811 1180 870 quo
1225 810 1388 851 nunc
1431 790 1745 851 instinctus
1786 802 1991 853 mente
2034 790 2258 869 vigenti

2470 810 2601 869 925

685 881 819 940 avia
865 879 1165 941 Pieridum
1211 899 1459 957 peragro
1504 883 1639 940 loca
1681 880 1903 940 nullius
1945 891 2087 940 ante

683 969 822 1030 trita
867 972 1017 1031 solo,
1065 973 1236 1029 Iuvat
1279 969 1539 1047 integros
1582 970 1869 1031 accedere
1914 969 2096 1030 fontis

684 1069 867 1137 atque
912 1058 1166 1133 haurire,
1216 1056 1499 1136 iuvatque
1544 1078 1736 1118 novos
1783 1060 2104 1137 decerpere
2150 1060 2324 1119 flores

681 1147 1097 1226 insignemque
1142 1167 1280 1207 meo
1325 1145 1507 1225 capiti
1551 1158 1756 1225 petere
1804 1147 1944 1208 inde
1990 1167 2293 1219 coronam,

755 1391 877 1442 921.
932 1378 1076 1441 quod
1113 1384 1379 1441 superest:
1437 1396 1462 1421 ‹
1506 1373 1586 1426 cie>

681 1450 776 1499 che
812 1463 966 1498 ancor
990 1455 1122 1497 resta
1147 1465 1177 1497 a
1205 1455 1409 1498 trattare
1439 1466 1485 1497 ι.
1516 1474 1583 1483 ——

683 1520 880 1569 clarius
915 1521 1065 1568 audi:
1110 1540 1132 1563 α
1177 1519 1323 1584 porgi
1350 1520 1584 1568 orecchio

680 1607 713 1639 a
748 1607 817 1639 un
857 1586 946 1654 piu
984 1590 1155 1638 chiaro
1186 1605 1351 1639 suono
1385 1609 1406 1631 a
1437 1604 1469 1637 o
1502 1611 1524 1634 α
1555 1607 1585 1639 a

681 1677 753 1710 un
790 1659 879 1727 piu
926 1660 1030 1709 alto
1078 1667 1228 1709 canto
1271 1679 1315 1709 ι.
1371 1661 1582 1724 Quest0,

681 1747 788 1782 non
824 1731 969 1794 altro,
1007 1731 1120 1781 vale
1158 1731 1196 1780 il
1230 1731 1441 1780 clarius.

754 1816 874 1865 922.
913 1804 1080 1852 animi
1092 1802 1283 1866 fallit:
1321 1802 1357 1850 il
1383 1803 1584 1851 Vanzo·

680 1875 776 1924 lini
812 1872 989 1939 (Trad.
1029 1891 1080 1940 p.
1122 1871 1237 1939 79):
1281 1873 1334 1922 io
1370 1875 1475 1925 ben
1511 1875 1585 1924 mi

679 1962 736 1995 so
774 1947 949 2011 quant’
962 1946 1066 2009 egli
1104 1946 1188 1998 Sia
1214 1960 1358 1994 scura
1388 1961 1506 1994 cosa
1534 1964 1581 1996 ι.

678 2017 723 2065 Ε
762 2017 860 2067 tale
888 2013 915 2064 ὲ
954 2016 986 2064 1·
1009 2017 1433 2083 interpretazione
1458 2031 1581 2066 con-

678 2096 822 2137 sueta
877 2088 967 2154 qui
1018 2103 1045 2136 e
1082 2088 1132 2136 al
1168 2105 1214 2139 v.
1261 2088 1375 2150 136.
1434 2090 1501 2141 Se
1539 2089 1582 2139 si

677 2160 944 2209 considera
979 2157 1103 2225 per&
1141 2161 1233 2210 che
1269 2159 1319 2209 le
1351 2161 1474 2209 frasi
1497 2160 1580 2209 col

679 2231 898 2280 locativo
933 2231 1100 2278 animi
1134 2229 1434 2295 significano
1468 2232 1579 2280 solo

678 2302 875 2350 dubbio
903 2317 935 2349 0
959 2301 1250 2361 incertezza,
1280 2319 1307 2352 e
1332 2304 1426 2351 che
1451 2303 1579 2351 Ver·

675 2372 819 2436 gilio,
861 2372 1193 2422 nell'imitare
1231 2380 1363 2422 tutto
1414 2373 1580 2422 intero

675 2453 857 2508 questo
894 2459 1043 2509 passo
1080 2441 1388 2509 (922-927).
1421 2444 1578 2494 rende

671 2515 711 2563 il
749 2531 840 2563 nec
876 2531 952 2563 me
989 2516 1155 2563 animi
1171 2514 1336 2578 fallit
1363 2530 1462 2564 con
1487 2532 1577 2564 nec

670 2602 787 2634 sum
825 2587 991 2634 animi
1020 2587 1203 2635 dubius
1241 2586 1446 2652 (Georg.
1478 2587 1574 2645 111,

673 2655 816 2721 289),
852 2657 894 2706 si
919 2655 1064 2721 potr&
1089 2657 1382 2705 ricondurre
1408 2659 1569 2707 anche

670 2735 852 2793 questa
906 2728 1037 2776 frase
1092 2727 1375 2777 lucretiana
1426 2746 1457 2776 a
1505 2744 1575 2777 un

669 2799 780 2863 pari
818 2797 1131 2862 significato:
1178 2819 1202 2843 c
1243 2797 1309 2848 ne
1349 2800 1419 2848 mi
1449 2801 1575 2849 cade

669 2868 865 2918 dubbio
888 2870 1184 2919 nell'animo
1204 2881 1397 2935 quanto
1425 2886 1574 2919 oscu-

668 2955 726 2987 ro
781 2941 854 2989 sia
891 2942 928 2989 il
968 2944 1071 2991 mio
1124 2948 1360 3005 soggetto
1402 2961 1447 2994 υ,
1507 2969 1570 2978 -

668 3025 826 3073 quam
863 3013 973 3060 sint
1006 3014 1220 3062 obscura
1240 3030 1256 3060 .·
1293 3013 1332 3061 il
1357 3028 1503 3077 sogg.
1531 3013 1574 3062 si

667 3080 796 3130 deve
831 3082 1035 3131 indurlo
1059 3082 1145 3131 dal
1171 3098 1316 3132 verso
1340 3085 1570 3148 preced.:

668 3152 814 3215 quod
842 3161 999 3216 super
1035 3161 1111 3203 est
1142 3175 1215 3196 =
1252 3170 1382 3217 quae
1413 3162 1572 3219 super

665 3230 808 3271 sunt.
847 3223 893 3272 Il
928 3224 1138 3288 Brieger
1194 3241 1430 3291 suppone
1469 3241 1572 3274 una

665 3291 851 3342 lacuna
890 3301 964 3342 tra
985 3295 1024 3344 il
1049 3311 1097 3344 v.
1124 3311 1221 3359 991
1253 3313 1282 3347 e
1310 3296 1349 3345 il
1376 3312 1422 3345 v.
1446 3309 1569 3361 992.

737 3376 858 3427 923.
898 3366 1097 3429 tlzyrso:
1134 3367 1172 3416 il
1199 3369 1412 3417 bastone
1448 3369 1569 3417 bac-

666 3436 812 3485 011100
824 3436 971 3486 viene
990 3439 1081 3502 qui
1100 3439 1570 3489 metaforicamente

667 3507 943 3572 adoperato
981 3525 1074 3573 per
1110 3510 1352 3559 denotare
1404 3509 1567 3576 l’ispi-

666 3577 867 3628 razione
905 3580 1121 3643 poetica,
1160 3581 1253 3630 che
1284 3577 1313 3628 ὲ
1337 3588 1569 3645 appunto

664 3661 768 3697 una
805 3649 939 3698 delle
977 3651 1298 3701 attribuzioni
1329 3650 1468 3700 della
1493 3652 1568 3701 di-

1694 1373 1853 1426 vinita
1888 1375 1976 1424 del
2018 1376 2138 1424 vino
2176 1392 2205 1426 e
2242 1376 2327 1425 del
2376 1375 2608 1440 rigoglio

1693 1446 1964 1511 giovenile.
2022 1445 2142 1496 Cosi
2187 1462 2314 1512 pure
2352 1447 2406 1495 in
2445 1446 2597 1496 Ovid.

1692 1519 1847 1567 Trist.
1869 1518 1960 1576 IV,
1993 1532 2036 1578 1,
2062 1531 2156 1581 43:
2191 1538 2213 1561 «
2247 1518 2331 1567 Sic
2349 1520 2440 1567 ubi
2461 1523 2603 1566 mota

1692 1591 1863 1638 calent
1892 1589 2058 1638 viridi
2079 1604 2188 1637 mea
2217 1596 2430 1653 pectora
2455 1589 2598 1652 thyr-

1691 1676 1746 1708 so
1789 1678 1832 1710 ι.

1763 1744 1883 1793 924.
1921 1731 2227 1780 incussit...
2267 1746 2489 1780 amorem
2511 1749 2528 1779 .·
2565 1726 2605 1779 ὲ

1692 1801 1852 1850 molto
1890 1797 1980 1867 piu
2005 1802 2098 1852 che
2128 1821 2151 1846 ι
2183 1798 2340 1866 1311110
2366 1817 2542 1851 amore
2566 1820 2599 1844 ι»

1690 1889 1719 1921 0
1746 1875 1891 1938 quasi
1916 1873 2148 1938 equivale
2176 1889 2206 1921 a
2223 1875 2382 1938 coEgit
2396 1889 2597 1921 amare.

1689 1944 1869 1992 Anche
1906 1944 1992 1993 nel
2039 1960 2084 1992 v.
2129 1957 2226 2006 19:
2274 1962 2298 1986 c
2345 1944 2596 1992 Omnibus

1690 2015 1946 2063 incutiens
1983 2015 2228 2064 blandum
2259 2023 2360 2079 per
2381 2022 2599 2078 pectora

1689 2100 1911 2133 amorem
1955 2104 1998 2133 ι.

1761 2167 1881 2220 925.
1922 2164 2084 2206 mente
2118 2158 2346 2223 vigenti:
2384 2154 2414 2206 ὲ·
2437 2158 2503 2205 da
2534 2172 2597 2205 u-

1688 2228 1812 2277 nirsi
1849 2228 2257 2293 probabilmente
2294 2245 2393 2278 con
2434 2237 2592 2294 pera-

1682 2316 1781 2364 gro
1799 2315 1816 2347 .·
1857 2320 1881 2344 ι
1945 2301 2023 2347 vo’
2082 2300 2453 2363 peregrinando
2509 2300 2595 2348 001

1685 2371 1922 2434 vigoroso
1961 2371 2215 2421 intelletto
2264 2388 2356 2436 per
2392 2371 2442 2420 10
2481 2370 2599 2420 sedi

1687 2443 1941 2491 inaceesse
1977 2441 2113 2491 delle
2149 2443 2297 2491 Muse
2341 2461 2386 2492 ι.

1758 2513 1878 2574 926.
1899 2513 2070 2563 avia...
2090 2512 2230 2561 loca.-
2260 2529 2387 2562 sono
2413 2513 2598 2578 parole

1684 2584 1836 2633 citate
1873 2584 1937 2631 da
1973 2582 2311 2646 QuintilianO,
2348 2585 2483 2655 [ηπ.
2510 2600 2597 2632 or.

1685 2656 1829 2716 VIII,
1869 2654 1918 2713 6,
1957 2667 2042 2718 45.
2097 2681 2162 2690 --
2211 2655 2413 2705 nullius
2467 2662 2597 2703 ante

1684 2728 1812 2775 trita
1849 2726 1981 2773 solo:
2042 2746 2064 2769 c
2105 2742 2211 2775 non
2260 2726 2458 2791 segnati
2495 2741 2599 2791 per

1682 2796 1736 2845 10
1772 2797 1975 2846 innanzi
2012 2797 2077 2846 da
2119 2797 2304 2847 alcuna
2353 2813 2498 2846 orma
2537 2814 2593 2856 υ,

1683 2884 1717 2917 0
1792 2868 1957 2918 simm.
2021 2868 2199 2917 Solum
2271 2869 2362 2935 qui
2433 2863 2464 2916 ὲ
2536 2866 2599 2915 la

1680 2939 1856 3004 pianta
1916 2939 2002 2988 del
2049 2939 2200 3004 piede
2243 2959 2266 2983 ι
2326 2955 2475 2990 come
2532 2938 2595 2987 in

1680 3010 1925 3073 Varrone,
1964 3012 2045 3060 De
2068 3012 2130 3060 R.
2150 3013 2212 3060 R.
2235 3013 2275 3075 1,
2302 3022 2399 3073 47;
2426 3011 2587 3060 Tusc.

1679 3081 1742 3142 V,
1782 3093 1865 3143 32,
1905 3096 1998 3144 90:
2051 3082 2233 3147 Plaut.‚
2285 3082 2475 3131 Bacch.
2512 3081 2597 3142 11,

1680 3164 1729 3216 3²
1766 3150 1853 3213 98·

1751 3221 1872 3286 928.
1910 3224 2126 3273 haurire
2138 3242 2156 3274 .·
2194 3244 2221 3269 ι
2250 3223 2507 3275 dissetarsi
2538 3241 2589 3272 ι.

1748 3306 1870 3356 929.
1915 3301 2091 3359 petere
2141 3295 2260 3344 inde
2303 3310 2550 3343 coronam
2569 3311 2591 3341 .-

1677 3366 1797 3414 inde
1835 3363 2027 3415 riserito
2076 3366 2160 3415 all·
2182 3368 2320 3416 unde
2371 3366 2466 3416 che
2502 3379 2586 3414 se-

1677 3451 1793 3499 gue.
1852 3436 2032 3486 Petere
2087 3453 2327 3486 coronam
2347 3455 2363 3485 .·
2419 3435 2595 3486 ardita

1676 3507 1809 3557 frase
1850 3526 1873 3551 c
1917 3508 2152 3558 chiedere
2189 3508 2241 3557 di
2278 3507 2329 3558 la
2366 3525 2469 3557 una
2496 3521 2591 3555 οο·

1677 3593 1815 3637 rona,
1854 3580 2038 3628 onde...
2081 3599 2126 3629 ι.
2166 3580 2227 3629 In
2265 3580 2355 3640 VI,
2393 3589 2461 3644 95
2503 3594 2591 3626 co·

1677 3665 1861 3699 ronam
1899 3658 2092 3714 capere.
2288 3649 2305 3672 ⁹
