2917 4275
667 358 791 418 150
1326 356 1386 399 T.
1436 354 1705 398 Lucssnrr
1749 354 1898 398 cam

662 481 1053 556 constituunt,
1104 481 1315 542 eadem
1360 482 1558 559 fruges
1603 483 1842 542 arbusta
1883 480 2215 555 animantiS‚

659 590 871 631 verum
918 570 1048 630 aliis
1090 571 1328 647 alioque
1374 573 1559 631 modo
1605 570 1926 631 commixta
1970 582 2306 632 moventur.

645 659 811 737 ,quin
857 660 1034 721 etiam
1079 660 1297 737 passim
1341 659 1562 720 nostris
1605 658 1668 719 in
1714 659 1982 720 versibus
2025 658 2167 737 ipsis

660 752 851 809 :multa
896 752 1190 809 elementa
1233 747 1400 808 vides
1446 748 1648 808 multis
1694 748 2034 809 communia
2078 748 2294 824 verbiS,

662 857 799 899 cum
845 848 1048 898 tamen
1092 837 1245 899 inter
1289 856 1352 897 se
1398 856 1603 897 versus
1634 857 1705 897 ac
1733 839 1918 897 verba
1962 848 2261 919 necessest
2444 838 2575 915 825

662 929 983 988 confiteare
1029 936 1089 986 et
1132 947 1198 986 re
1244 936 1304 986 et
1349 925 1548 986 sonitu
1594 925 1810 986 distare
1857 924 2111 987 sonanti.

660 1026 895 1076 tantum
943 1017 1238 1075 elementa
1283 1025 1515 1091 queunt
1558 1025 1897 1093 permutato
1943 1014 2154 1075 ordine
2200 1015 2365 1089 solo;

661 1114 725 1164 at
769 1124 964 1164 rerum
1012 1123 1166 1180 quae
1212 1096 1349 1163 sunt
1394 1103 1737 1181 primordia,
1785 1106 1955 1182 plura
2000 1103 2285 1163 adhibere

658 1204 913 1271 possunt
957 1194 1118 1253 unde
1167 1203 1391 1269 queant
1436 1193 1631 1252 variae
1675 1212 1770 1252 res
1813 1211 2085 1270 quaeque
2131 1190 2334 1253 creari.

753 1283 932 1342 Nunc
977 1291 1038 1341 et
1083 1286 1476 1358 Anaxagorae
1521 1291 1849 1343 scrutemur
1892 1279 2340 1342 homoemerian
2445 1286 2579 1359 830

662 1388 842 1448 quam
890 1370 1031 1430 Grai
1078 1380 1413 1430 memorant
1456 1391 1571 1431 nec
1616 1380 1819 1430 nostra
1862 1370 2061 1430 dicere
2106 1370 2310 1448 lingua

662 1459 943 1520 concedit
988 1459 1164 1519 nobis
1208 1458 1383 1538 patrii
1428 1458 1719 1519 sermonis
1765 1470 2008 1537 egestas,

664 1548 772 1609 sed
817 1558 1020 1607 tamen
1065 1547 1253 1627 ipsam
1298 1567 1425 1610 rem
1475 1547 1702 1608 facilest
1746 1566 2043 1625 exponere
2088 1546 2302 1609 verbis,

661 1842 822 1911 φύσιν
856 1842 955 1910 μὲν
988 1841 1156 1911 μηδὲν
1192 1841 1320 1896 εἶναι
1351 1849 1563 1932 χρῶμα,

660 1912 722 1968 τὰ
758 1913 854 1981 μὲν
891 1913 988 1982 γὰρ
1026 1922 1252 1982 στοιχεῖα
1290 1915 1465 1977 ἄποια,
1503 1914 1565 1967 τὰ

659 2006 713 2037 τε
747 1985 910 2052 μεστὰ
942 1986 1033 2037 καὶ
1060 1986 1115 2037 τὸ
1144 1987 1312 2040 κενόν.
1339 1985 1401 2039 τὰ
1427 1986 1478 2039 δ’
1506 1974 1567 2048 ἕξ

660 2055 837 2109 αὐτῶν
874 2057 1200 2124 συγκρίματα
1251 2057 1564 2124 κεχρῶσθαι

658 2128 877 2196 διαταγῇ
904 2149 957 2180 τε
982 2127 1072 2180 καὶ
1097 2127 1291 2195 ῥυθμῷ
1317 2129 1408 2182 καὶ
1433 2149 1563 2197 προ-

660 2207 846 2266 τροπῇ,
887 2197 964 2250 ὦν
1000 2198 1034 2266 ἦ
1072 2201 1168 2263 μέν
1204 2200 1307 2251 ἐστι
1342 2199 1499 2264 τάξις,
1527 2199 1561 2268 ἦ

660 2269 718 2322 δὲ
756 2277 949 2337 σχῆμα,
988 2269 1022 2337 ἦ
1060 2269 1119 2322 δὲ
1154 2270 1315 2328 θέσις.

730 2343 982 2407 823-826.
1021 2345 1191 2394 Poche
1235 2344 1415 2395 lettere
1456 2345 1561 2394 for-

660 2431 811 2464 mano
848 2422 989 2465 tante
1026 2416 1218 2481 parole,
1272 2415 1376 2465 cosi
1415 2417 1560 2465 diffe-

658 2486 787 2537 renti
826 2503 917 2551 per
953 2502 1116 2535 suono
1153 2503 1182 2536 e
1227 2503 1319 2551 per
1365 2486 1558 2551 signifi·

656 2564 786 2608 cato,
826 2556 946 2605 Cosi
975 2565 1207 2622 appunto
1232 2557 1440 2607 avviene
1475 2558 1560 2608 de-

655 2629 730 2692 gli
769 2628 1013 2679 elementi
1050 2627 1185 2677 delle
1219 2644 1348 2678 cose.
1378 2629 1561 2691 Questi

655 2700 786 2749 versi
841 2715 939 2748 con
995 2700 1212 2764 qualche
1272 2700 1561 2749 mutazione

655 2770 777 2820 nell*
798 2771 984 2819 ultimo
1021 2786 1148 2819 sono
1173 2771 1380 2835 ripetuti
1409 2771 1463 2819 in
1487 2772 1555 2828 ΙΙ,

657 2839 908 2903 688-691.
947 2841 992 2889 Il
1029 2841 1265 2905 pensiero
1292 2836 1321 2888 ὲ
1347 2841 1434 2906 poi
1461 2842 1558 2891 fre-

656 2918 846 2975 quente
864 2912 917 2960 in
938 2914 1118 2963 Lucr.:
1159 2908 1187 2959 ὲ
1207 2918 1484 2961 accennato
1503 2913 1557 2961 in

653 2982 695 3040 Ι,
742 2993 856 3044 197,
877 2983 1156 3032 dichiarato
1180 2983 1236 3031 in
1261 2995 1364 3044 912
1392 3000 1420 3033 e
1446 2999 1556 3047 sgg.

653 3054 701 3103 11
748 3069 1003 3117 par-agone
1055 3053 1255 3103 risaliva
1310 3062 1447 3103 certo
1504 3055 1552 3102 ai

653 3123 809 3189 primi
841 3124 1078 3187 atomisti,
1105 3125 1370 3190 Leucippo
1397 3142 1425 3174 e
1448 3124 1555 3174 De-

653 3194 894 3255 mocrito;
933 3195 1023 3244 cfr.
1062 3195 1236 3255 Arist..
1263 3197 1344 3244 De
1363 3211 1482 3259 gen.
1511 3202 1561 3245 et

656 3282 809 3324 corr„
847 3267 886 3323 Ι,
929 3279 959 3315 2
998 3268 1091 3317 che
1145 3267 1282 3332 dopo
1330 3266 1368 3313 il
1406 3281 1557 3331 passo

654 3336 719 3384 da
755 3336 844 3385 noi
881 3344 1149 3403 apportato
1193 3354 1222 3385 a
1259 3354 1303 3385 v,
1347 3337 1448 3401 677
1490 3336 1557 3385 ri-

651 3406 836 3457 ferisce
873 3419 1053 3472 questa
1090 3423 1259 3472 prova,
1307 3408 1400 3457 che
1451 3424 1557 3458 una

652 3478 939 3528 commedia
978 3495 1005 3528 e
1032 3494 1132 3527 una
1159 3479 1384 3542 tragedia
1409 3478 1554 3527 risul-

653 3548 764 3597 tino
801 3549 936 3599 delle
974 3548 1249 3598 medesime
1286 3550 1481 3599 lettere.
1513 3592 1519 3598 ,

724 3618 844 3683 824.
882 3622 1085 3668 verbis.-
1137 3620 1154 3668 i
1192 3621 1291 3671 due
1338 3621 1556 3670 leidensi

650 3689 795 3742 bellis
815 3709 832 3739 .·
893 3686 1078 3755 perche
1151 3691 1271 3741 nell'
1293 3692 1553 3756 archetipo

1673 1863 1759 1897 era
1795 1846 1968 1896 scritto
2009 1857 2214 1905 BERuxs,
2243 1845 2329 1894 l'U
2368 1846 2423 1894 fu
2448 1844 2585 1894 letto

1673 1931 1740 1966 LL
1777 1916 2137 1983 (Lachmann).
2379 1974 2384 1979 ⁶

1745 1988 1863 2039 826.
1915 1991 2139 2038 sonitu...
2189 1988 2427 2036 sonanti:
2481 2002 2577 2055 op-

1672 2067 2062 2126 portunamente
2111 2059 2149 2107 il
2198 2061 2386 2107 Munro
2441 2073 2581 2107 ram·

1672 2139 1845 2182 menta
1881 2134 2012 2181 Aen.
2053 2131 2119 2190 11,
2168 2140 2235 2194 52
2292 2146 2445 2179 cavae
2494 2146 2575 2179 ca·

1669 2219 1875 2261 vernae,
1915 2204 2010 2251 che
2048 2201 2105 2250 fu
2142 2201 2230 2266 poi
2275 2200 2473 2250 imitato
2511 2202 2583 2251 da·

1670 2276 1881 2323 Lucano
1917 2274 2012 2333 ΙΙΙ,
2050 2272 2175 2334 418.

1745 2343 1864 2395 828.
1894 2345 2096 2408 plura.-
2149 2343 2581 2394 l’enumerazione

1670 2416 1723 2465 di
1761 2415 1928 2481 questi
1967 2415 2123 2464 mezzi
2160 2415 2213 2463 di
2255 2414 2572 2464 differenzia-

1670 2487 1815 2535 zione
1851 2485 1989 2534 della
2025 2486 2237 2535 materia
2275 2480 2303 2532 ὲ
2335 2484 2461 2534 satta
2488 2485 2577 2535 nei

1669 2558 1806 2623 passi
1844 2556 2053 2605 indicati
2080 2556 2218 2605 nella
2235 2553 2364 2604 nota
2391 2574 2421 2605 a
2446 2555 2583 2618 817·

1671 2629 1808 2694 819;
1863 2644 1947 2678 ma
2002 2627 2445 2677 l’enumerazione
2481 2623 2577 2692 pist

1667 2701 1820 2765 piena
1858 2694 1886 2746 ὲ·
1921 2698 1977 2747 in
2014 2700 2078 2758 ΙΙ,
2124 2698 2226 2761 726
2265 2713 2292 2746 e
2331 2713 2463 2761 seg.:
2492 2698 2576 2746 in·

1668 2770 1903 2827 tervalla,
1921 2771 2051 2830 vias,
2070 2785 2306 2826 conexus,
2317 2769 2581 2831 pondera,

1657 2841 1862 2906 plagas,
1899 2856 2193 2897 concursus,
2233 2846 2416 2889 motus.

1740 2912 1857 2974 830.
1898 2911 2306 2959 homoemerian:
2343 2909 2458 2958 vedi
2484 2909 2572 2960 In-

1667 2982 1982 3033 troduzione.

1739 3053 1859 3117 831.
1916 3059 2204 3101 memorant
2220 3069 2240 3101 .·
2288 3066 2583 3101 memorare

1667 3141 1758 3191 per
1800 3144 1823 3169 ι
1867 3123 2121 3173 chiamare
2162 3142 2206 3183 ι,
2246 3138 2391 3172 corne
2417 3122 2473 3171 in
2496 3123 2566 3182 ΙΙ,

1667 3196 1771 3259 630
1837 3196 2052 3243 Curetas
2102 3211 2228 3258 quos
2283 3200 2585 3243 memorant

1664 3267 1934 3331 Phrygios.
1963 3264 2068 3315 cfr.
2107 3266 2308 3314 Pacuvo
2332 3269 2421 3329 ‘pr.
2459 3262 2569 3315 Cic.

1664 3338 1738 3388 N.
1777 3339 1865 3394 D„
1906 3337 1972 3395 11,
2002 3336 2085 3399 36,
2113 3333 2147 3401 ἓ
2174 3351 2268 3401 91:
2306 3355 2329 3380 ι
2354 3337 2417 3384 id
2433 3335 2588 3399 quod

1664 3409 1837 3457 nostri
1894 3409 2089 3456 caelum
2155 3409 2441 3456 memorant
2501 3424 2526 3449 ι
2553 3424 2577 3468 ·,

1663 3478 1834 3528 Ennio
1915 3495 1991 3544 pr.
2053 3479 2222 3537 Festo,
2296 3490 2393 3541 301
2459 3476 2532 3526 M.
2557 3493 2575 3527 ι,

1667 3569 1690 3594 ι
1735 3552 2053 3599 contendunt
2093 3550 2326 3608 Graecos,
2382 3547 2575 3596 Graios

1663 3636 1946 3669 memorare
1995 3620 2159 3668 solent
2204 3635 2285 3667 sos
2329 3636 2372 3678 n,
2423 3635 2452 3667 e
2488 3634 2570 3682 pr.

1663 3691 1809 3742 Varr.
1848 3692 1912 3740 L.
1949 3691 2012 3741 L.
2050 3691 2166 3750 VII,
2195 3689 2294 3753 36:
2326 3710 2348 3733 ‹
2379 3689 2581 3739 Musas
