2917 4275
962 310 1047 353 DE
1093 311 1308 354 RERUM
1357 310 1640 358 NATURA.

346 456 465 497 -nec
508 435 738 496 ratione
782 437 981 496 cluere
1027 437 1238 496 eadem
1285 455 1404 513 qua
1452 446 1685 495 constet
1728 435 1928 510 inane,

2143 316 2257 356 101

2134 441 2261 511 4313·

344 526 457 586 sed
503 523 689 602 magis
738 534 803 584 ut
846 524 1058 584 merito
1104 523 1294 602 possis
1340 535 1555 584 eventa
1599 543 1814 585 vocare

343 614 637 692 eorporiS,
685 625 864 691 atque
911 613 1047 686 loci,
1096 633 1191 673 res
1234 613 1297 672 in
1344 632 1467 689 quo
1511 632 1782 690 quaeque
1828 624 2125 690 gerantur.

439 705 708 781 Corpora
752 714 892 762 sunt
936 722 1113 781 porro
1158 700 1372 780 partim
1417 700 1744 780 primordia
1787 722 2005 779 rerum,

350 791 565 869 partim
610 791 864 852 concilio
911 811 1064 868 quae
1112 801 1385 851 constant
1429 789 1879 868 principiorum.

348 881 459 940 sed
505 898 660 956 quae
706 890 845 940 sunt
888 899 1084 939 rerum
1131 877 1474 957 primordia,
1523 882 1689 940 nulla
1733 890 1932 958 potest
1976 877 2064 938 vis
2134 882 2257 958 485

344 967 649 1046 stinguere
677 987 690 1028 :

761 989 902 1028 nam
949 968 1142 1028 solido
1188 968 1436 1029 vincunt
1480 987 1550 1028 ea
1596 989 1845 1046 corpore
1891 969 2156 1032 demum.

277 1113 281 1116 Α
341 1056 461 1117 etsi
507 1057 747 1118 difficile
793 1077 923 1117 esse
969 1057 1205 1117 videtur
1250 1059 1494 1118 credere
1539 1056 1856 1135 quicquam

338 1305 590 1356 elementi
628 1306 781 1371 primi
830 1322 858 1355 e
912 1306 1246 1366 irriducibili;

341 1377 423 1442 gli
462 1377 551 1425 uni
588 1393 617 1426 e
659 1377 734 1439 gli
784 1377 898 1425 altri
951 1377 1004 1425 in
1056 1384 1249 1442 quanto

349 1462 477 1497 sono
515 1449 742 1506 materia,
782 1448 1003 1496 esistono
1044 1457 1146 1512 per
1181 1465 1247 1498 se.

345 1519 439 1568 Gli
497 1527 674 1567 eventa
735 1534 820 1566 no.
883 1519 963 1568 Gl·
985 1520 1249 1585 interpreti

351 1590 620 1656 prendono
658 1589 747 1654 qui
774 1597 1008 1638 constare
1045 1591 1108 1638 ed
1146 1606 1249 1639 esse

336 1677 493 1710 ·come
549 1661 807 1709 sinonimi.
866 1660 1111 1710 Constare
1159 1677 1250 1726 per

348 1747 451 1780 esse
501 1727 529 1778 ὲ
590 1730 858 1796 frequente
913 1747 1087 1796 presso
1141 1733 1247 1780 Lu-

342 1802 543 1858 crezi0;
600 1819 683 1850 ma
741 1802 831 1866 qui
877 1801 915 1850 il
965 1801 1250 1866 significato

344 1874 549 1922 diverso
587 1869 615 1921 ὲ
653 1874 875 1937 imposto
904 1873 991 1922 dal
1017 1874 1246 1936 disgiun-

341 1945 454 1993 tivo
509 1960 685 2007 neque.
738 1944 801 1992 V.
843 1950 963 1992 nota
1012 1960 1041 1992 a
1077 1943 1179 2005 483
1221 1961 1249 1994 e

347 2017 462 2064 Rev.
504 2015 561 2062 di
600 2015 748 2065 Filol.
788 2014 979 2073 XXXI,
1018 2031 1069 2080 p.
1114 2029 1191 2065 10.

416 2083 537 2146 480.
561 2089 758 2134 eadem:
778 2085 1030 2134 disillabo.
1053 2088 1247 2136 Eadem

345 2154 377 2206 ὲ
413 2157 451 2205 il
488 2158 709 2205 secondo
746 2158 895 2222 piede
934 2157 1072 2207 dello
1099 2175 1251 2224 spon·

339 2230 461 2278 deo.
502 2229 709 2290 Quanto
744 2246 776 2277 a
812 2228 979 2277 cluere
1031 2246 1076 2279 v,
1128 2237 1251 2278 nota

341 2317 377 2349 a
413 2312 534 2360 449.
575 2300 696 2347 Non
735 2299 778 2348 si
814 2295 921 2363 pub
964 2300 1070 2349 dire
1110 2301 1248 2363 degli

336 2377 523 2419 tvenne
550 2370 651 2418 allo
678 2377 838 2419 stesso
866 2371 1019 2419 modo
1046 2372 1139 2420 che
1160 2371 1244 2420 del

340 2450 500 2490 *vuoto
555 2438 672 2505 (che
728 2437 839 2491 cioe
904 2438 933 2489 ὲ
990 2458 1060 2490 un
1119 2438 1245 2491 καθ’

334 2509 474 2561 αὑτό
490 2509 529 2574 ).

417 2581 538 2644 481.
577 2590 671 2631 ut:
705 2584 1039 2633 sottintendi:
1074 2600 1134 2631 ea
1161 2600 1246 2631 ra-

335 2655 479 2703 tione
519 2655 687 2702 cluere
722 2662 797 2723 get.

417 2723 672 2787 483-502.
711 2726 756 2774 E
792 2725 829 2773 il
880 2726 1109 2791 proemio
1146 2725 1246 2774 alla

337 2794 736 2845 dimostrazione
798 2797 936 2861 degli
992 2798 1165 2846 atomi.
1224 2798 1248 2845 1

341 2866 488 2931 corpi
528 2882 653 2914 sono
683 2882 714 2914 0
740 2869 895 2917 atomi
923 2883 954 2914 o
980 2868 1244 2931 aggregati

343 2938 397 2985 di
418 2938 591 2985 atomi.
614 2937 699 2986 Gli
722 2941 876 2988 atomi
898 2939 1067 2989 hanno
1088 2954 1244 3004 corpo

337 3008 522 3067 solido,
564 3025 592 3057 e
630 3005 739 3057 cioe
776 3026 879 3058 non
918 3017 1243 3073 contengono

340 3078 718 3129 internamente
746 3081 781 3129 il
812 3091 980 3138 vuot0‚
1009 3099 1037 3131 e
1063 3081 1241 3146 quindi

340 3165 471 3197 sono
491 3150 808 3200 irriducibih
836 3150 996 3200 Come
1032 3149 1137 3215 pub
1167 3168 1242 3201 es-

336 3236 424 3271 ser
459 3220 578 3270 cib?
618 3221 677 3268 L’
684 3222 970 3286 esperienza
1005 3238 1096 3287 par
1122 3238 1244 3271 con-

343 3298 592 3353 trastare3
631 3288 837 3355 giaeche
875 3308 1000 3357 pure
1046 3294 1060 3340 i
1101 3293 1242 3357 corpi

343 3360 434 3427 piu
471 3363 585 3411 duri
623 3364 667 3411 si
704 3363 940 3411 disfanno
988 3363 1036 3411 al
1074 3364 1241 3422 fuoco,

340 3448 374 3482 e
410 3449 537 3481 sono
576 3435 887 3483 attra'versati
925 3433 1009 3482 dal
1047 3434 1240 3497 freddo,

345 3499 458 3552 cioe
496 3513 820 3568 contengono
863 3513 1049 3565 vuoto;
1098 3520 1243 3554 come

339 3574 551 3623 l’atomo
590 3576 977 3641 impercettibile
1015 3572 1127 3625 sarh·
1162 3576 1241 3625 in-

339 3645 605 3695 domabile
625 3656 802 3696 contro
827 3647 1122 3714 qualunque
1142 3646 1243 3695 for-

1356 1307 1451 1353 za?
1509 1305 1641 1356 Tale
1696 1301 1725 1354 e
1773 1304 1826 1353 la
1873 1304 2265 1356 dimostrazione

1357 1375 1450 1424 che
1489 1377 1533 1424 si
1570 1373 1677 1426 far&
1713 1377 1798 1425 nei
1835 1376 1966 1424 versi
2013 1378 2261 1441 seguenti.

1427 1446 1551 1510 483.
1590 1447 1787 1509 Questo
1824 1462 1967 1495 verso
2023 1464 2052 1497 e
2101 1448 2139 1496 il
2187 1466 2261 1498 se-

1356 1526 1548 1581 guente
1585 1518 1758 1566 hanno
1808 1524 1969 1566 esatto
2017 1518 2265 1568 riscontm

1359 1589 1414 1638 in
1451 1588 1693 1653 Epicum,
1722 1603 1898 1654 presso
1924 1588 2076 1652 Diog.
2106 1590 2165 1639 L.
2192 1590 2257 1654 X,

1356 1674 1457 1720 40:
1500 1661 1606 1707 τῶν
1644 1657 1908 1722 σωμάτων
1932 1655 1994 1708 τὰ
2029 1655 2125 1724 μὲν
2156 1657 2261 1710 ἔστι.

1357 1728 1671 1794 συγκρίσεις,
1697 1726 1759 1779 τὰ
1785 1728 1835 1780 δ’
1863 1726 1920 1788 ἐξ
1948 1725 2024 1780 ὦν
2063 1729 2122 1780 αἶ
2141 1747 2261 1794 συγ-

1356 1799 1555 1864 κρίσεις
1579 1801 1899 1866 πεποίηνται.
1929 1828 1996 1838 -
2025 1805 2257 1854 concilim·

1358 1869 1387 1920 ὲ
1426 1872 1602 1937 parola
1652 1874 1848 1922 tecnica
1895 1873 1951 1922 in
2001 1874 2257 1924 Lucrezio.

1364 1944 1591 1992 Concilio
1617 1959 1743 1992 sono
1770 1945 1845 2008 gli
1865 1944 2127 2007 aggregati
2154 1954 2261 1994 ato-

1357 2014 1494 2072 mici,
1534 2013 1844 2078 συγκρίσεις.
1879 2015 2139 2062 Abbiamo
2176 2014 2261 2078 gii

1358 2085 1490 2134 visto
1528 2086 1582 2134 in
1619 2085 1804 2151 1,183
1853 2085 2106 2134 chiamato
2145 2101 2261 2135 coss-

1358 2158 1534 2205 cilium
1556 2158 1779 2221 genitale
1805 2157 1960 2223 quell'
1965 2159 2253 2221 aggregata}

1356 2227 1440 2277 dei
1467 2228 1614 2287 semi,
1636 2228 1770 2278 onde
1791 2228 2076 2277 risultano
2063 2244 2080 2277 1
2100 2231 2257 2295 corpi

1356 2302 1400 2351 E
1427 2300 1493 2347 da
1518 2307 1697 2350 notare
1728 2300 1781 2347 in
1810 2300 1973 2365 questi
1999 2299 2099 2349 due
2125 2299 2253 2349 versi

1355 2385 1502 2419 come
1540 2386 1633 2436 per
1681 2371 1755 2434 gli
1804 2371 1962 2420 atomi
2011 2371 2257 2419 Lucrezin

1355 2441 1565 2506 adoperi
1604 2441 1642 2489 il
1666 2443 1823 2491 verbo
1849 2448 1992 2500 sunt,
2026 2457 2054 2491 e
2082 2441 2257 2491 invene

1355 2528 1447 2576 per
1484 2512 1556 2575 gli
1597 2513 1861 2577 aggregati
1900 2513 2106 2561 atomici
2136 2514 2253 2563 ado-

1354 2585 1465 2647 peri
1505 2591 1777 2641 constant‚·
1815 2584 1850 2631 il
1877 2584 1971 2631 che
1997 2582 2253 2632 conferma

1353 2652 1405 2701 la
1458 2660 1631 2701 nostra
1692 2654 2114 2719 interpretazione
2173 2655 2257 2703 del

1353 2738 1400 2772 V·
1435 2734 1560 2785 479·

1427 2793 1610 2857 485-6.
1651 2794 1755 2844 Csr.
1796 2795 1940 2860 Epic.
1987 2811 2063 2859 pr.
2100 2795 2253 2859 Diog.

1355 2865 1419 2913 L.
1457 2865 1522 2924 X,
1562 2879 1666 2925 40:
1719 2868 1876 2914 ταῦτα
1925 2861 1975 2914 δ’
2026 2862 2162 2916 ἐστίν
2197 2867 2253 2915 [ἶ-

1353 2953 1487 2997 τομα
1549 2933 1641 2984 καὶ
1705 2932 2046 3000 ἀμετάβλητα,
2113 2935 2257 3003 εἴπερ

1351 3003 1427 3071 μὴ
1466 3003 1638 3072 μέλλει
1673 3004 1840 3056 πάντα
1877 3004 1950 3062 εἷς
1986 3003 2043 3055 τὸ
2084 3004 2159 3072 μὴ
2197 3007 2257 3059 ἰή-

1353 3075 1731 3143 φθαρήσεσθαι
1767 3077 1938 3144 (nulla
1973 3086 2146 3143 potest
2177 3083 2257 3128 vis

1350 3148 1659 3215 stinguere),
1697 3147 1808 3198 ἇλλ’
1848 3145 2091 3212 ἰσχύοντα
2129 3148 2253 3200 {mo-

1348 3217 1523 3283 μένειν
1578 3217 1631 3269 ἐν
1680 3224 1790 3275 ταῖς
1840 3216 2101 3270 διαλύσεσι
2151 3227 2257 3271 τῶν

1351 3288 1694 3355 συγκρίσεων,
1731 3287 1907 3355 πλήρη
1952 3288 2046 3355 τὴν
2097 3289 2253 3356 φύσει·

1350 3358 1474 3410 ὄντα
1513 3364 1528 3416 (
1537 3363 1695 3411 solido
1742 3364 1966 3412 vincunt
2003 3363 2253 3427 corpore}

1421 3431 1543 3495 487.
1593 3436 1866 3498 quicquam
1911 3435 2145 3498 ,reperiri
2192 3439 2249 3483 in

1350 3506 1502 3552 rebus
1539 3524 1610 3543 =
1647 3508 1787 3554 inter
1822 3522 1920 3563 res,
1949 3500 2059 3553 cioe
2092 3506 2253 3553 ullam

1351 3591 1461 3624 rem
1499 3577 1722 3639 reperiri
1748 3584 1914 3641 posse.
