2917 4275
948 293 1032 336 nn:
1070 293 1289 336 RERUM
1334 293 1615 337 NATURA.
2156 296 2236 355 39

328 415 469 476 inde
516 419 675 477 ferae
721 419 988 495 pecudes
1033 419 1363 496 persultant
1407 419 1628 496 pabula
1668 419 1824 478 laeta
2013 409 2016 414 ’
2163 437 2188 475 1
2205 433 2234 493 5

328 516 388 566 et
433 505 673 584 rapidos
716 517 953 567 tranant
1000 506 1232 567 amnis:
1281 506 1383 566 ita»
1410 518 1587 585 capta
1630 509 1834 584 lepore
2163 526 2238 577 14

329 605 388 655 te
432 595 697 672 sequitur
742 596 959 675 cupide
1005 615 1131 674 quo
1176 615 1474 674 quamque
1519 595 1803 656 inducere
1847 591 2062 672 pergis,
2165 617 2184 652 ι
2201 598 2236 652 6

330 683 592 760 denique
639 705 745 763 per
790 684 977 746 maria
1019 706 1091 746 ac
1135 685 1357 746 montis
1402 685 1732 762 fluviosque
1779 683 2005 762 rapacis

328 771 800 851 frondiferasque
846 776 1063 834 domos
1106 774 1307 834 avium
1352 793 1715 852 camposque
1763 772 2004 834 virentis

328 860 607 922 omnibus
652 861 946 925 incutiens
993 865 1287 924 blandum
1332 884 1439 941 per
1485 874 1727 942 pectora
1764 881 2034 944 *amorem

329 951 509 1012 efficis
528 945 622 1013 'ut
668 952 883 1030 cupide
928 947 1256 1030 generatim
1302 954 1498 1014 saecla
1542 963 1890 1030 propagent.
2159 971 2188 1010 2
2201 970 2238 1008 0

331 1059 483 1116 quae
528 1041 815 1118 quoniam
860 1059 1057 1102 rerum
1106 1052 1379 1102 naturam
1424 1044 1552 1103 sola
1595 1044 1889 1119 gubernas

330 1149 444 1190 nec
488 1129 614 1190 sine
658 1141 717 1191 te
764 1131 1081 1208 quicquam
1138 1130 1267 1191 dias
1311 1130 1376 1191 in
1418 1129 1662 1191 luminis
1707 1149 1840 1191 oras

332 1218 590 1279 exoritur
637 1239 836 1297 neque
880 1223 946 1279 fit
990 1223 1213 1280 laetum
1260 1239 1459 1298 neque
1507 1218 1762 1280 amabile
1812 1217 2152 1296 quicquam,

337 1317 395 1367 te
440 1308 663 1369 sociam
713 1311 925 1369 studeo
972 1308 1299 1371 scribendis
1345 1309 1618 1370 versibus
1662 1328 1808 1382 esse,

333 1415 483 1473 quos
530 1417 643 1475 ego
691 1397 767 1458 de
812 1417 1011 1459 rerum
1058 1410 1265 1458 natura
1311 1417 1572 1476 pangere
1618 1417 1802 1459 conor
2165 1417 2193 1452 2
2210 1412 2240 1472 5

412 1655 492 1710 15.
513 1645 673 1711 ferae
700 1649 946 1711 pecudes:
981 1647 1176 1697 lezione
1203 1664 1231 1697 e

337 1717 517 1782 quindi
579 1718 1000 1783 interpretazione
1062 1719 1229 1768 varia:

320 1787 497 1850 ferae,
554 1791 807 1853 pecudes,·
866 1805 1065 1855 oppure
1108 1789 1234 1852 fere

324 1861 545 1922 pecudes
589 1875 621 1908 ο
664 1860 823 1910 anche
854 1861 1016 1923 ferae
1064 1869 1115 1910 et
1142 1869 1233 1925 pe·

338 1931 504 1980 eudes.
530 1933 663 1980 Inde
680 1935 774 1980 che
792 1932 1008 1996 precede
1029 1948 1095 1981 ne
1114 1947 1234 1981 con-

338 2001 489 2064 siglia
532 2019 563 2050 a
610 2002 873 2052 intendere
893 2003 1053 2067 ferae
1088 2016 1236 2052 come

338 2073 595 2136 aggettivo
622 2074 939 2123 attributivo:
975 2093 999 2116 α
1016 2075 1237 2139 pecudes

337 2143 461 2193 fatte
494 2144 654 2209 ferae
696 2145 836 2209 dagli
882 2146 1077 2195 stimoli
1125 2146 1235 2195 del·

338 2214 548 2265 l’amore
595 2235 617 2259 a
662 2214 969 2281 (Giussani).
1012 2218 1234 2267 Tradur-

338 2301 477 2335 remo
528 2288 775 2353 dunque:
830 2308 854 2333 ι
898 2290 995 2338 Per
1046 2289 1095 2337 la
1150 2294 1237 2337 tua

338 2356 475 2407 for-za
500 2354 665 2423 (inde)
702 2359 833 2408 caldi
870 2360 925 2408 di
961 2375 1133 2409 amore
1163 2359 1237 2423 gli

339 2429 552 2478 animali
588 2448 613 2472 ι
654 2446 685 2479 o
724 2431 892 2482 simm.
932 2457 997 2466 —
1030 2431 1237 2495 persul-

339 2507 482 2549 tant:
516 2520 541 2545 e
569 2516 667 2550 van
691 2502 993 2551 saltellando
1021 2521 1067 2551 ι.
1092 2502 1231 2551 Ado-

338 2578 517 2635 perato
536 2572 862 2622 attivamente
882 2573 1043 2624 anche
1061 2574 1116 2621 in
1135 2574 1235 2621 Ta·

339 2641 457 2701 cito,
478 2644 617 2693 Hist.
647 2644 741 2702 111,
767 2658 837 2706 49
858 2662 885 2693 e
908 2646 1050 2693 Arm.
1078 2644 1168 2707 XI,
1190 2657 1239 2705 9.

417 2726 496 2774 14.
536 2722 683 2777 capta
723 2715 890 2779 lepore
924 2736 947 2759 α
979 2730 1242 2781 compresa

339 2783 392 2833 di
428 2783 661 2834 dolcezza
700 2804 725 2828 ι
765 2785 804 2834 il
838 2787 1116 2836 sostantivo
1158 2786 1240 2835 cui

342 2854 383 2903 si
429 2855 655 2905 riferisce
708 2852 739 2905 ὲ
790 2873 1019 2921 quaeque
1063 2865 1239 2921 pecus,

342 2926 434 2975 che
471 2929 509 2975 s'
525 2927 711 2976 induce
747 2928 831 2976 dal
868 2946 1124 2993 quamque
1157 2929 1243 2979 del

343 3013 389 3048 v.
409 3012 515 3061 seg.
537 2998 834 3062 LeggendO,
864 3000 1042 3050 invece
1066 2999 1119 3049 di
1144 3018 1243 3063 quo

346 3084 615 3133 quamque,
655 3085 971 3133 quocumque
1009 3087 1078 3119 un
1103 3087 1243 3121 uma·

344 3139 476 3189 nista
510 3136 662 3189 conio
688 3157 781 3205 per
808 3147 1004 3192 trovare
1030 3157 1100 3191 un
1125 3158 1243 3207 sog-

344 3217 485 3273 getto
510 3212 560 3283 {²1
597 3214 850 3275 sequitur,
878 3228 907 3263 e
946 3229 1071 3279 pose
1107 3214 1244 3279 dopo

344 3280 383 3330 il
405 3297 549 3331 verso
576 3292 635 3347 15
660 3282 699 3331 il
724 3298 869 3331 verso
888 3284 1245 3349 Illecebrz'sque

344 3354 450 3402 tuis
485 3356 650 3403 omnis
680 3360 877 3403 natura
900 3356 1244 3414 animantum,

344 3424 438 3474 che
472 3422 623 3489 passo
672 3426 761 3491 poi
799 3425 852 3474 in
890 3432 1019 3475 tutte
1050 3425 1100 3475 le
1137 3426 1243 3477 edi-

346 3494 480 3544 zioni
517 3494 621 3544 fino
660 3496 711 3545 al
745 3496 1061 3547 Lachmann.
1106 3497 1169 3547 V.
1207 3498 1247 3546 il

347 3566 451 3614 mio
487 3567 700 3617 artieolo
738 3568 793 3617 in
831 3570 945 3618 Riv.
986 3568 1043 3617 di
1075 3569 1245 3629 Filol„

354 3636 519 3698 XXX,
557 3655 607 3703 p.
648 3648 747 3703 545
789 3655 818 3689 e
854 3654 963 3703 sgg.

1420 1655 1498 1708 17.
1525 1645 1813 1708 fluviosque
1836 1643 2042 1708 rapacis
2059 1659 2076 1690 :
2101 1657 2247 1692 come

1341 1732 1493 1782 sopra
1528 1732 1575 1764 v·
1620 1725 1680 1779 15
1723 1715 1934 1780 rapidos
1971 1714 2175 1772 amnis:
2218 1729 2248 1762 e

1341 1788 1427 1838 nel
1455 1787 1733 1837 medesimo
1759 1785 2073 1850 significato:
2105 1805 2128 1828 α
2153 1785 2248 1834 che

1343 1858 1584 1922 travolge,
1622 1859 1717 1908 che
1775 1858 1990 1907 trascina
2043 1871 2160 1906 seco
2203 1875 2246 1914 ι,

1342 1925 1453 1980 οἰοὲ
1496 1950 1519 1973 ε
1563 1930 1853 1995 impetuoso
1898 1947 1940 1977 ι.

1384 2034 1387 2037 -
1424 1999 1501 2050 18.
1537 2001 1968 2065 frondfferasque
1999 2001 2170 2047 domos
2193 2016 2247 2047 a·

1342 2074 1515 2122 vium.-
1559 2071 1713 2121 citato
1749 2072 1815 2120 da
1849 2073 1987 2123 Serv.
2027 2087 2057 2119 a
2092 2069 2246 2136 Verg.

1351 2145 1528 2210 Georg.
1567 2146 1635 2205 ΙΙ,
1675 2155 1795 2208 372.

1422 2229 1500 2278 19.
1523 2217 1818 2265 blandum...
1845 2230 2066 2263 amorem
2083 2232 2099 2262 .·
2131 2234 2153 2258 e
2181 2230 2252 2263 un

1345 2287 1600 2351 giocondo
1637 2302 1786 2337 senso
1824 2286 2049 2356 d’amore
2094 2304 2136 2335 ι.

1418 2371 1502 2409 20.
1549 2359 1859 2423 generatim:
1926 2378 1949 2401 ε
2004 2374 2096 2423 per
2150 2356 2249 2405 cia-

1345 2446 1504 2480 scuna
1529 2430 1698 2495 specie
1720 2429 1772 2477 di
1797 2428 2007 2477 animali
2031 2449 2074 2476 ι.
2103 2427 2250 2479 Circa

1344 2497 1511 2567 questi
1539 2500 1741 2551 avverbi
1767 2500 1821 2549 in
1846 2502 1915 2549 im
1943 2514 2116 2565 presso
2141 2498 2249 2547 Lu-

1342 2573 1523 2633 crezi0,
1549 2589 1595 2621 v.
1627 2571 1960 2635 Forbiger,
1991 2572 2071 2621 De
2089 2570 2249 2618 Lacr.

1349 2645 1578 2694 carmt‘ne
1615 2661 1666 2709 p.
1693 2656 1780 2707 43.
1821 2668 1885 2677 —
1912 2642 2105 2691 saecla.-
2146 2660 2171 2685 e
2203 2640 2251 2690 le

1350 2714 1672 2779 generazioni
1714 2733 1758 2764 ι.

1423 2799 1506 2835 22.
1567 2786 1680 2835 dias
1741 2786 1798 2834 in
1861 2784 2074 2833 luminis
2134 2799 2252 2831 oras

1354 2878 1377 2901 ε
1420 2858 1558 2907 nelle
1595 2856 1770 2906 celesti
1795 2856 1994 2919 regioni
2019 2854 2154 2903 della
2172 2853 2250 2902 lu·-

1350 2945 1408 2978 ce
1452 2947 1496 2978 ».
1553 2928 1657 2978 cfr.
1714 2928 1898 2985 Enni0,
1955 2929 2100 2975 Ann.
2153 2924 2251 2975 118

1350 2999 1571 3051 Muell.
1607 3019 1629 3043 ι
1653 3008 1711 3047 tu
1729 2999 2034 3064 produxisti
2055 3012 2148 3045 nos
2171 2996 2250 3046 in-

1351 3079 1437 3120 tra
1473 3071 1688 3120 luminis
1712 3086 1833 3119 oras
1861 3089 1886 3113 2
1925 3085 1953 3118 e
1977 3066 2082 3117 cosi
2108 3069 2250 3116 Arm.

1358 3155 1456 3203 114
1493 3143 1565 3191 M.
1609 3162 1633 3187 ι
1675 3158 1789 3190 sum
1825 3136 1923 3205 [=
1947 3135 2086 3204 eum]
2123 3154 2253 3202 quae

1352 3214 1566 3261 dederat
1597 3215 1656 3262 in
1680 3212 1894 3261 luminis
1918 3227 2036 3259 oras
2067 3228 2110 3259 ι.
2137 3209 2253 3258 L'e·

1352 3285 1639 3349 spressione
1677 3284 1733 3333 fu
1777 3283 2049 3347 adoperata
2093 3280 2254 3330 anche

1352 3355 1418 3403 da
1444 3355 1601 3419 Verg.
1628 3356 1803 3419 Georg.
1829 3354 1900 3411 11,
1918 3362 2006 3416 47,
2033 3352 2097 3402 ed
2121 3355 2251 3401 Aen.

1353 3425 1471 3486 VII,
1513 3426 1630 3489 660,
1671 3426 1756 3475 nei
1793 3424 1934 3490 quali
1983 3424 2084 3473 due
2119 3422 2250 3487 passi

1354 3497 1490 3547 male
1540 3498 1714 3557 alcuni
1765 3497 1988 3561 leggono
2043 3494 2254 3543 luminis

1353 3585 1532 3619 auras.

1428 3650 1512 3705 25.
1551 3642 1610 3689 de
1635 3656 1812 3689 rerum
1839 3646 2064 3689 natura.-
2101 3650 2252 3699 greco
