2917 4275
917 325 1002 368 Du
1048 326 1265 370 RERUM
1311 326 1572 370 NATURA

2082 314 2201 386 153

290 474 550 532 corpora
592 463 887 532 perpetuo
930 453 1178 515 volitare
1223 452 1443 515 invicta
1487 474 1594 532 per
1637 474 1866 528 aevom,

297 563 462 605 nunc
505 563 633 622 age,
683 540 936 603 summai
980 544 1275 621 quaedam
1319 541 1396 603 sit
1438 542 1572 603 finis
1626 562 1852 614 eorum,

296 651 490 692 necne
538 632 629 705 sit,
681 635 1065 693 evolvamus:
1135 632 1279 693 item
1324 633 1492 709 quod
1537 631 1716 692 inane
1761 643 2121 711 repertumst

295 739 407 781 seu
450 724 618 782 locus
658 742 729 782 ac
759 721 1032 799 spatium,
1067 741 1161 782 res
1192 720 1257 781 in
1288 741 1410 798 quo
1441 740 1717 799 quaeque
1748 732 2041 800 gerantur,
2080 742 2157 800 95
2173 742 2201 798 5

298 809 717 888 pervideamus
760 821 960 870 utrum
1004 810 1238 870 finitum
1282 809 1552 871 funditus
1598 829 1775 870 omne

291 907 550 973 constet,
596 919 672 959 an
718 898 1074 960 immensum
1122 909 1323 977 pateat
1366 909 1651 976 vasteque
1697 900 2082 976 profundum.

390 988 590 1047 Omne
636 990 800 1065 quod
846 998 937 1048 est
979 987 1159 1066 igitur
1203 990 1369 1048 nulla
1412 987 1655 1066 regione
1701 989 1929 1048 viarum

299 1074 625 1137 finitumst:
696 1097 956 1154 namque
1002 1087 1332 1137 extremum
1379 1078 1643 1137 debebat
1687 1078 1943 1138 habere:

300 1175 634 1225 extremum
682 1184 860 1243 porro
907 1165 1127 1225 nullius
1171 1185 1346 1243 posse
1391 1165 1628 1225 videtur

2085 1174 2209 1245 offic:-

295 1272 448 1327 esse,
498 1253 613 1314 nisi
658 1256 812 1314 ultra
855 1253 928 1315 sit
975 1256 1138 1331 quod
1184 1254 1377 1330 finiat;
1450 1263 1518 1315 ut
1561 1253 1833 1314 videatur

374 1543 494 1598 952.
551 1534 770 1583 volitare
788 1551 806 1582 .·
861 1535 1003 1585 detto
1066 1536 1206 1601 degli

303 1605 470 1655 atomi
502 1605 596 1656 che
622 1611 970 1657 eternamente
992 1607 1036 1656 si
1062 1622 1207 1656 muo-

303 1692 441 1725 vono
477 1677 618 1727 nello
655 1677 839 1742 spazio.
888 1676 1009 1726 Cosi
1046 1678 1102 1726 in
1136 1679 1206 1742 11,

299 1746 412 1811 380
448 1743 477 1796 ὲ
512 1749 653 1798 detto
690 1748 773 1797 dei
802 1750 1097 1813 primordia
1126 1765 1208 1798 re-

304 1835 443 1877 rum,
481 1820 538 1869 in
574 1821 639 1879 ΙΙ,
678 1828 807 1884 1055
848 1819 933 1869 dei
970 1821 1166 1869 semina
1186 1839 1210 1879 ,-

300 1889 361 1938 in
397 1891 489 1951 111,
518 1903 585 1954 33
613 1906 641 1941 e
677 1889 768 1950 IV,
797 1900 864 1952 47
892 1890 977 1941 dei
1000 1897 1210 1940 cuncta-

305 1976 429 2028 runt
467 1962 680 2010 exordia
714 1976 909 2011 rerum.

377 2043 499 2097 953.
550 2032 803 2082 summai.
829 2069 841 2082 .
865 2069 877 2083 .
933 2031 1003 2082 sit
1050 2033 1206 2092 finis:

300 2099 419 2152 cioe
456 2119 510 2154 se
562 2102 662 2155 essi
710 2104 856 2155 sieno
892 2103 948 2154 in
993 2119 1209 2155 numero

304 2172 468 2226 finito,

379 2257 501 2311 954.
540 2261 728 2296 necne.-
770 2245 877 2297 cosi
913 2246 953 2297 il
976 2247 1209 2297 Pontano

303 2334 338 2367 e
362 2318 402 2366 il
425 2317 682 2366 Lambino
708 2333 799 2382 per
823 2334 913 2367 nec
943 2318 1028 2367 dei
1061 2318 1206 2368 codd.

310 2415 374 2424 —
427 2389 718 2437 evolvamus
737 2406 753 2436 .-
802 2389 891 2454 qui
938 2389 1025 2439 nel
1061 2405 1211 2439 senso

304 2458 365 2508 di
393 2478 418 2502 c
450 2457 684 2522 spiegare
717 2476 758 2507 »-
781 2484 841 2494 —-
869 2468 1209 2525 repertumst:

301 2530 404 2580 che
452 2529 543 2578 noi
592 2528 798 2578 abbiam
841 2537 1052 2590 trovat0,
1100 2528 1212 2581 cioe

308 2600 625 2650 dimostrato.
652 2600 757 2651 cfr.
786 2610 980 2665 503-4:
1019 2602 1211 2667 duplex

310 2680 508 2721 natura
545 2673 771 2719 duarum
820 2674 1083 2722 dissimilis
1131 2689 1212 2722 re-

304 2759 431 2791 rum
466 2743 613 2807 longe
649 2750 883 2792 constare
918 2751 1188 2808 repertast.

382 2814 501 2877 956.
536 2813 798 2877 funditus
845 2829 991 2863 omne
1012 2832 1032 2865 .·
1080 2814 1213 2864 circa

305 2892 492 2950 questa
527 2884 718 2934 unione
766 2891 993 2935 costante
1037 2901 1212 2950 presso

309 2956 559 3006 Lucrezio
624 2955 740 3006 vedi
800 2955 819 3004 i
876 2955 1012 3022 passi
1072 2956 1214 3007 citati

308 3026 451 3077 nella
486 3033 607 3076 nota
644 3043 674 3077 a
708 3025 831 3089 478.

382 3108 503 3164 957.
540 3104 683 3147 vaste
701 3114 719 3146 :
755 3098 795 3146 il
820 3104 1053 3148 concetto
1078 3098 1214 3149 della

309 3164 603 3220 immensita
639 3167 776 3219 dello
808 3169 977 3233 spazio
1014 3164 1043 3217 ὲ
1080 3186 1211 3220 sem·

310 3257 401 3305 pre
438 3240 585 3290 unito
621 3254 719 3290 con
756 3240 930 3305 quello
967 3238 1104 3292 delle
1132 3256 1213 3291 so·

304 3310 517 3360 litudini
553 3311 767 3362 deserte.

382 3382 502 3447 958.
582 3382 742 3431 Omne
802 3382 945 3447 quod
1004 3390 1112 3432 est:
1185 3400 1214 3433 e

311 3454 493 3516 quindi
554 3453 586 3501 1·
610 3452 846 3503 universo
908 3458 1056 3516 tutte,
1118 3455 1215 3504 che

311 3525 621 3588 comprende
658 3524 708 3573 le
746 3524 845 3574 due
881 3520 1069 3585 οὐσίαι,
1108 3541 1215 3574 ma-

314 3593 443 3642 teria
478 3612 506 3644 e
542 3603 714 3645 vuoto.
742 3621 810 3632 —
837 3594 987 3645 nulla
1010 3595 1215 3661 regione

219 3709 225 3715 .
309 3664 559 3715 viarum.-
595 3660 706 3717 cioe
747 3685 773 3711 α
813 3666 870 3717 in
893 3665 1023 3717 niun
1046 3682 1212 3730 sense,

1315 1537 1371 1585 in
1406 1537 1567 1586 niuna
1614 1536 1868 1586 direzione
1909 1554 1953 1585 ι.
2005 1534 2122 1586 Cosi
2165 1538 2217 1582 iu

1313 1609 1364 1656 ΙΙ
1403 1620 1507 1671 249
1557 1615 1697 1657 recta
1742 1608 1945 1670 regione
1986 1607 2096 1656 viai
2133 1610 2213 1654 sfr-

1314 1680 1512 1729 clt'nare
1551 1698 1576 1722 α
1629 1677 1765 1727 dalla
1814 1678 1952 1728 linea
2001 1684 2129 1728 retta
2173 1698 2213 1726 ι.

1314 1745 1495 1799 Sicche
1553 1751 1692 1815 reg-io
1752 1750 1862 1798 viai
1921 1765 1954 1799 o
2009 1749 2161 1798 vias-*n
2173 1766 2213 1794 *n

1315 1836 1491 1886 presso
1527 1823 1588 1871 L.
1619 1839 1689 1860 =
1732 1839 1755 1863 ι
1786 1820 2040 1871 direzione
2070 1839 2113 1870 ι.
2157 1822 2217 1866 In

1321 1904 1449 1954 1041
1513 1887 1543 1940 ὲ
1598 1892 1800 1940 ratione
1859 1906 2045 1939 aversa
2094 1894 2213 1938 nini.

1315 1962 1425 2012 Che
1475 1963 1525 2011 vi
1574 1962 1617 2011 si
1667 1961 1833 2012 debba
1880 1961 2089 2026 leggere
2137 1978 2217 2010 re:-

1310 2035 1506 2099 gionee'
1549 2060 1612 2068 —
1639 2032 1802 2097 Sopra
1829 2039 1959 2081 tutto
1999 2032 2037 2081 il
2068 2049 2217 2098 paean·

1315 2103 1581 2169 958·1051
1613 2104 1728 2155 vedi
1759 2102 2217 2160 Hoerschelmann,

1320 2178 1583 2226 observat.
1691 2176 1897 2225 Lucret.
2003 2176 2209 2231 alterni,

1314 2248 1574 2308 Teubner,
1604 2245 1762 2309 18773
1792 2245 2066 2307 Susemihl,
2091 2247 2213 2295 Psi-1¹-

1315 2318 1512 2383 lologus
1547 2318 1734 2378 XLIV,
1775 2336 1826 2385 p.
1865 2318 1934 2380 78
1977 2333 2117 2383 segg.
2161 2319 2221 2363 eci

1318 2405 1408 2438 ora
1467 2390 1691 2453 Brieger,
1753 2390 2068 2455 Philologus,
2125 2387 2221 2435 LE

1316 2458 1522 2526 (1901),
1561 2476 1612 2510 n.
1639 2476 1688 2523 4.
1716 2459 2217 2525 Il·Brieger.ritie11e

1316 2531 1410 2581 che
1463 2532 1496 2581 l·
1521 2532 1700 2582 ordine
1750 2532 1816 2580 da
1864 2531 2091 2581 stabilire
2145 2531 2221 2575 sia

1317 2602 1353 2651 il
1383 2609 1661 2667 seguente:
1702 2600 1911 2652 Infinita
1935 2601 2019 2650 del
2056 2607 2213 2651 tutto:

1317 2672 1551 2738 958-967
1587 2671 1768 2739 (prova
1793 2680 1943 2723 tratta
1968 2672 2101 2720 dalla
2129 2687 2217 2719 rm-

1316 2745 1464 2794 zione
1489 2760 1635 2793 omne
1660 2748 1803 2809 quod
1832 2743 1930 2808 est)
1973 2754 2013 2792 -4-
2062 2755 2157 2791 1⁶:10
2169 2743 2217 2787 S-

1324 2829 1456 2879 1013
1496 2812 1879 2881 (impossibilita
1903 2817 1997 2866 che
2025 2814 2062 2864 il
2089 2822 2221 2863 tutto

1317 2887 1362 2936 si
1398 2887 1474 2937 sia
1521 2888 1587 2936 da
1622 2882 1677 2934 se
1725 2895 1886 2936 stesso
1937 2885 2105 2935 fissato
2149 2903 2217 2931 un

1318 2957 1506 3022 limite)
1547 2969 1594 3007 -÷-
1639 2957 1903 3020 998-1001
1958 2955 2221 3023 (analogia

1321 3035 1472 3079 tratta
1507 3028 1645 3078 dalla
1681 3035 1853 3078 nostra
1889 3027 2217 3094 esperieuaa'J.

1320 3098 1528 3151 Infinita
1555 3100 1692 3149 dello
1717 3100 1913 3165 spaziO:
1943 3106 2017 3151 tre
2036 3115 2189 3166 preve
2209 3119 2217 3147 ;

1320 3170 1556 3235 968-983
1600 3182 1645 3219 4·
1685 3170 1914 3233 984-997
1966 3184 2008 3218 -4-
2064 3183 2221 3219 meza

1326 3255 1476 3305 1007.
1496 3244 1593 3304 Per
1613 3243 1702 3293 noi
1719 3243 1756 3291 il
1778 3258 1927 3308 passo
1947 3240 2213 3304 998-1oo1

1320 3309 1349 3363 ὲ
1375 3315 1593 3379 risposta
1629 3315 1694 3364 ad
1716 3312 2017 3363 obbiezione
2050 3327 2217 3363 awer-

1320 3384 1483 3447 saria3
1534 3387 1599 3435 ed
1634 3386 1673 3435 il
1723 3400 1872 3451 passo
1921 3383 2217 3443 1008·1m3

1322 3451 1351 3503 ὲ
1399 3455 1439 3504 il
1487 3458 1755 3521 passaggio
1801 3457 1901 3506 alla
1956 3455 2217 3503 dimostra-

1321 3525 1468 3576 zione
1505 3526 1642 3576 della
1687 3524 1886 3577 infinita
1933 3524 2069 3575 della
2117 3540 2218 3571 ma-

1321 3596 1467 3648 teria.
1492 3595 1557 3647 V.
1590 3597 1640 3647 le
1664 3605 1784 3648 note
1819 3614 1849 3647 a
1874 3596 1994 3661 quei
2020 3595 2217 3659 luoghi.

1394 3666 1516 3731 961.
1555 3669 1659 3719 nisi
1691 3668 1835 3719 ultra
1871 3669 1941 3718 sit
1973 3667 2113 3732 quoa*
2145 3667 2225 3731 ji-
