<?xml version="1.0" encoding="UTF-8"?>
<!DOCTYPE html PUBLIC "-//W3C//DTD XHTML 1.0 Transitional//EN"
    "http://www.w3.org/TR/xhtml1/DTD/xhtml1-transitional.dtd">
<html xmlns="http://www.w3.org/1999/xhtml" xml:lang="en" lang="en">
 <head>
  <title>
</title>
<meta http-equiv="Content-Type" content="text/html;charset=utf-8" />
  <meta name='ocr-system' content='tesseract 3.04.00' />
  <meta name='ocr-capabilities' content='ocr_page ocr_carea ocr_par ocr_line ocrx_word'/>
</head>
<body>
  <div class='ocr_page' id='page_1' title='image "./tlucreticarider05unkngoog_0092.png"; bbox 0 0 2917 4275; ppageno 0'>
   <div class='ocr_carea' id='block_1_1' title="bbox 691 271 1710 372">
    <p class='ocr_par' dir='ltr' id='par_1_1' title="bbox 691 271 1710 372">
     <span class='ocr_line' id='line_1_1' title="bbox 691 271 1710 372; baseline 0.002 -32"><span class='ocrx_word' id='word_1_1' title='bbox 691 302 765 372; x_wconf 66' lang='grc' dir='ltr'>μ</span> <span class='ocrx_word' id='word_1_2' title='bbox 922 334 929 340; x_wconf 93' lang='grc'><strong>.</strong></span> <span class='ocrx_word' id='word_1_3' title='bbox 1338 304 1399 348; x_wconf 77' lang='grc' dir='ltr'>τ.</span> <span class='ocrx_word' id='word_1_4' title='bbox 1446 271 1710 346; x_wconf 69' lang='lat' dir='ltr'>Lucum-1</span> 
     </span>
    </p>
   </div>
   <div class='ocr_carea' id='block_1_2' title="bbox 685 422 2580 593">
    <p class='ocr_par' dir='ltr' id='par_1_2' title="bbox 685 422 2580 593">
     <span class='ocr_line' id='line_1_2' title="bbox 688 422 2580 503; baseline -0.002 -17"><span class='ocrx_word' id='word_1_5' title='bbox 688 443 803 486; x_wconf 93' lang='lat' dir='ltr'>nec</span> <span class='ocrx_word' id='word_1_6' title='bbox 846 422 1028 485; x_wconf 88' lang='lat' dir='ltr'>validi</span> <span class='ocrx_word' id='word_1_7' title='bbox 1072 434 1321 502; x_wconf 87' lang='lat' dir='ltr'>possunt</span> <span class='ocrx_word' id='word_1_8' title='bbox 1366 434 1582 502; x_wconf 87' lang='lat' dir='ltr'>pontes</span> <span class='ocrx_word' id='word_1_9' title='bbox 1624 424 1913 486; x_wconf 86' lang='lat' dir='ltr'>venientis</span> <span class='ocrx_word' id='word_1_10' title='bbox 1957 424 2131 503; x_wconf 85' lang='lat' dir='ltr'>aquai</span> <span class='ocrx_word' id='word_1_11' title='bbox 2458 425 2580 501; x_wconf 82' lang='lat'>285</span> 
     </span>
     <span class='ocr_line' id='line_1_3' title="bbox 685 511 2394 593; baseline 0.001 -19"><span class='ocrx_word' id='word_1_12' title='bbox 685 511 807 574; x_wconf 87' lang='lat' dir='ltr'>vim</span> <span class='ocrx_word' id='word_1_13' title='bbox 854 512 1107 574; x_wconf 84' lang='lat' dir='ltr'>subitam</span> <span class='ocrx_word' id='word_1_14' title='bbox 1150 515 1435 574; x_wconf 84' lang='lat' dir='ltr'>tolerare:</span> <span class='ocrx_word' id='word_1_15' title='bbox 1515 513 1597 575; x_wconf 85' lang='lat' dir='ltr'>ita</span> <span class='ocrx_word' id='word_1_16' title='bbox 1639 535 1858 593; x_wconf 82' lang='lat' dir='ltr'>magno</span> <span class='ocrx_word' id='word_1_17' title='bbox 1901 514 2174 576; x_wconf 88' lang='lat' dir='ltr'>turbidus</span> <span class='ocrx_word' id='word_1_18' title='bbox 2219 514 2394 576; x_wconf 89' lang='lat' dir='ltr'>imbri</span> 
     </span>
    </p>
   </div>
   <div class='ocr_carea' id='block_1_3' title="bbox 574 601 2226 680">
    <p class='ocr_par' dir='ltr' id='par_1_3' title="bbox 574 601 2226 680">
     <span class='ocr_line' id='line_1_4' title="bbox 574 601 2226 680; baseline 0.002 -18"><span class='ocrx_word' id='word_1_19' title='bbox 574 608 579 620; x_wconf 93' lang='lat'><em>&#39;</em></span> <span class='ocrx_word' id='word_1_20' title='bbox 685 601 943 664; x_wconf 90' lang='lat' dir='ltr'>molibus</span> <span class='ocrx_word' id='word_1_21' title='bbox 986 601 1246 676; x_wconf 87' lang='lat' dir='ltr'><strong>incurrit,</strong></span> <span class='ocrx_word' id='word_1_22' title='bbox 1294 602 1504 663; x_wconf 85' lang='lat' dir='ltr'>validis</span> <span class='ocrx_word' id='word_1_23' title='bbox 1549 623 1686 665; x_wconf 92' lang='lat' dir='ltr'>cum</span> <span class='ocrx_word' id='word_1_24' title='bbox 1731 603 1971 680; x_wconf 78' lang='lat' dir='ltr'>viribuS‚</span> <span class='ocrx_word' id='word_1_25' title='bbox 2018 603 2226 678; x_wconf 50' lang='lat' dir='ltr'>amnia</span> 
     </span>
    </p>
   </div>
   <div class='ocr_carea' id='block_1_4' title="bbox 636 691 2581 1218">
    <p class='ocr_par' dir='ltr' id='par_1_4' title="bbox 687 691 2312 771">
     <span class='ocr_line' id='line_1_5' title="bbox 687 691 2312 771; baseline 0.001 -20"><span class='ocrx_word' id='word_1_26' title='bbox 687 692 791 751; x_wconf 82' lang='lat' dir='ltr'>dat</span> <span class='ocrx_word' id='word_1_27' title='bbox 831 691 1029 752; x_wconf 89' lang='lat' dir='ltr'>sonitu</span> <span class='ocrx_word' id='word_1_28' title='bbox 1073 712 1289 770; x_wconf 86' lang='lat' dir='ltr'>magno</span> <span class='ocrx_word' id='word_1_29' title='bbox 1335 703 1586 770; x_wconf 86' lang='lat' dir='ltr'>stragem</span> <span class='ocrx_word' id='word_1_30' title='bbox 1632 692 1936 771; x_wconf 87' lang='lat' dir='ltr'>volvitque</span> <span class='ocrx_word' id='word_1_31' title='bbox 1981 695 2093 754; x_wconf 90' lang='lat' dir='ltr'>sub</span> <span class='ocrx_word' id='word_1_32' title='bbox 2137 691 2312 754; x_wconf 90' lang='lat' dir='ltr'>undis</span> 
     </span>
    </p>

    <p class='ocr_par' dir='ltr' id='par_1_5' title="bbox 636 779 2356 860">
     <span class='ocr_line' id='line_1_6' title="bbox 636 779 2356 860; baseline 0.001 -18"><span class='ocrx_word' id='word_1_33' title='bbox 636 795 641 802; x_wconf 86' lang='grc'>’</span> <span class='ocrx_word' id='word_1_34' title='bbox 683 779 931 860; x_wconf 84' lang='lat' dir='ltr'><strong>grandia</strong></span> <span class='ocrx_word' id='word_1_35' title='bbox 974 800 1112 842; x_wconf 82' lang='lat' dir='ltr'>saxa</span> <span class='ocrx_word' id='word_1_36' title='bbox 1153 779 1272 841; x_wconf 91' lang='lat' dir='ltr'>ruit</span> <span class='ocrx_word' id='word_1_37' title='bbox 1318 800 1435 858; x_wconf 88' lang='lat' dir='ltr'>qua</span> <span class='ocrx_word' id='word_1_38' title='bbox 1481 781 1776 860; x_wconf 89' lang='lat' dir='ltr'>quidquid</span> <span class='ocrx_word' id='word_1_39' title='bbox 1821 781 2098 844; x_wconf 89' lang='lat' dir='ltr'>fluctibus</span> <span class='ocrx_word' id='word_1_40' title='bbox 2143 785 2356 844; x_wconf 86' lang='lat' dir='ltr'><strong>obstat.</strong></span> 
     </span>
    </p>

    <p class='ocr_par' dir='ltr' id='par_1_6' title="bbox 684 868 2581 1039">
     <span class='ocr_line' id='line_1_7' title="bbox 684 868 2581 952; baseline 0.001 -22"><span class='ocrx_word' id='word_1_41' title='bbox 684 869 770 932; x_wconf 86' lang='lat' dir='ltr'>sic</span> <span class='ocrx_word' id='word_1_42' title='bbox 812 868 987 948; x_wconf 88' lang='lat' dir='ltr'>igitur</span> <span class='ocrx_word' id='word_1_43' title='bbox 1032 871 1257 931; x_wconf 88' lang='lat' dir='ltr'>debent</span> <span class='ocrx_word' id='word_1_44' title='bbox 1299 869 1462 931; x_wconf 84' lang='lat' dir='ltr'>venti</span> <span class='ocrx_word' id='word_1_45' title='bbox 1505 890 1745 949; x_wconf 84' lang='lat' dir='ltr'>quoque</span> <span class='ocrx_word' id='word_1_46' title='bbox 1789 873 2028 932; x_wconf 83' lang='lat' dir='ltr'>flamina</span> <span class='ocrx_word' id='word_1_47' title='bbox 2069 871 2247 948; x_wconf 87' lang='lat' dir='ltr'>ferri;</span> <span class='ocrx_word' id='word_1_48' title='bbox 2457 893 2581 952; x_wconf 87' lang='lat'>290</span> 
     </span>
     <span class='ocr_line' id='line_1_8' title="bbox 684 958 2236 1039; baseline 0.001 -19"><span class='ocrx_word' id='word_1_49' title='bbox 684 977 837 1036; x_wconf 85' lang='lat' dir='ltr'>quae</span> <span class='ocrx_word' id='word_1_50' title='bbox 882 958 1062 1020; x_wconf 87' lang='lat' dir='ltr'>veluti</span> <span class='ocrx_word' id='word_1_51' title='bbox 1108 958 1371 1020; x_wconf 84' lang='lat' dir='ltr'>validum</span> <span class='ocrx_word' id='word_1_52' title='bbox 1416 980 1554 1022; x_wconf 90' lang='lat' dir='ltr'>cum</span> <span class='ocrx_word' id='word_1_53' title='bbox 1599 961 1823 1022; x_wconf 87' lang='lat' dir='ltr'>flumen</span> <span class='ocrx_word' id='word_1_54' title='bbox 1865 963 2236 1039; x_wconf 85' lang='lat' dir='ltr'>procubuere</span> 
     </span>
    </p>

    <p class='ocr_par' dir='ltr' id='par_1_7' title="bbox 682 1048 2410 1218">
     <span class='ocr_line' id='line_1_9' title="bbox 682 1048 2410 1129; baseline 0.002 -21"><span class='ocrx_word' id='word_1_55' title='bbox 682 1066 862 1126; x_wconf 85' lang='lat' dir='ltr'>quam</span> <span class='ocrx_word' id='word_1_56' title='bbox 905 1048 1054 1109; x_wconf 87' lang='lat' dir='ltr'>libet</span> <span class='ocrx_word' id='word_1_57' title='bbox 1095 1048 1159 1108; x_wconf 92' lang='lat' dir='ltr'>in</span> <span class='ocrx_word' id='word_1_58' title='bbox 1202 1059 1449 1127; x_wconf 87' lang='lat' dir='ltr'>partem,</span> <span class='ocrx_word' id='word_1_59' title='bbox 1497 1050 1743 1109; x_wconf 87' lang='lat' dir='ltr'>trudunt</span> <span class='ocrx_word' id='word_1_60' title='bbox 1786 1068 1880 1110; x_wconf 90' lang='lat' dir='ltr'>res</span> <span class='ocrx_word' id='word_1_61' title='bbox 1927 1061 2066 1111; x_wconf 82' lang='lat' dir='ltr'>ante</span> <span class='ocrx_word' id='word_1_62' title='bbox 2109 1061 2410 1129; x_wconf 87' lang='lat' dir='ltr'>ruuntque</span> 
     </span>
     <span class='ocr_line' id='line_1_10' title="bbox 682 1135 2102 1218; baseline 0.002 -21"><span class='ocrx_word' id='word_1_63' title='bbox 682 1135 1008 1218; x_wconf 85' lang='lat' dir='ltr'>impetibus</span> <span class='ocrx_word' id='word_1_64' title='bbox 1048 1137 1287 1214; x_wconf 72' lang='lat' dir='ltr'>crebriS,</span> <span class='ocrx_word' id='word_1_65' title='bbox 1335 1136 1635 1200; x_wconf 87' lang='lat' dir='ltr'>interdum</span> <span class='ocrx_word' id='word_1_66' title='bbox 1680 1137 1899 1201; x_wconf 82' lang='lat' dir='ltr'>vertice</span> <span class='ocrx_word' id='word_1_67' title='bbox 1941 1149 2102 1200; x_wconf 89' lang='lat' dir='ltr'>torto</span> 
     </span>
    </p>
   </div>
   <div class='ocr_carea' id='block_1_5' title="bbox 629 1368 1584 2205">
    <p class='ocr_par' dir='ltr' id='par_1_8' title="bbox 629 1368 1584 2205">
     <span class='ocr_line' id='line_1_11' title="bbox 681 1368 1580 1434; baseline -0.002 -14"><span class='ocrx_word' id='word_1_68' title='bbox 681 1384 811 1420; x_wconf 81' lang='lat' dir='ltr'>sono</span> <span class='ocrx_word' id='word_1_69' title='bbox 864 1369 883 1419; x_wconf 94' lang='lat' dir='ltr'>i</span> <span class='ocrx_word' id='word_1_70' title='bbox 932 1369 1132 1420; x_wconf 88' lang='lat' dir='ltr'>tronchi</span> <span class='ocrx_word' id='word_1_71' title='bbox 1189 1369 1328 1434; x_wconf 87' lang='lat' dir='ltr'>degli</span> <span class='ocrx_word' id='word_1_72' title='bbox 1384 1368 1580 1433; x_wconf 76' lang='lat' dir='ltr'>alberi3</span> 
     </span>
     <span class='ocr_line' id='line_1_12' title="bbox 680 1438 1335 1506; baseline -0.005 -14"><span class='ocrx_word' id='word_1_73' title='bbox 680 1438 789 1492; x_wconf 81' lang='lat' dir='ltr'>cosi</span> <span class='ocrx_word' id='word_1_74' title='bbox 825 1456 949 1506; x_wconf 85' lang='lat' dir='ltr'>pure</span> <span class='ocrx_word' id='word_1_75' title='bbox 986 1441 1041 1491; x_wconf 86' lang='lat' dir='ltr'>in</span> <span class='ocrx_word' id='word_1_76' title='bbox 1077 1443 1141 1504; x_wconf 88' lang='lat' dir='ltr'>V,</span> <span class='ocrx_word' id='word_1_77' title='bbox 1187 1439 1335 1504; x_wconf 87' lang='lat'>1284.</span> 
     </span>
     <span class='ocr_line' id='line_1_13' title="bbox 629 1508 1584 1574; baseline 0.002 -14"><span class='ocrx_word' id='word_1_78' title='bbox 629 1565 633 1568; x_wconf 51' lang='grc'><strong>,</strong></span> <span class='ocrx_word' id='word_1_79' title='bbox 757 1509 877 1574; x_wconf 83' lang='grc'><strong>287.</strong></span> <span class='ocrx_word' id='word_1_80' title='bbox 915 1512 1129 1560; x_wconf 83' lang='lat' dir='ltr'>molibus</span> <span class='ocrx_word' id='word_1_81' title='bbox 1164 1512 1433 1562; x_wconf 77' lang='lat' dir='ltr'>incurrit:</span> <span class='ocrx_word' id='word_1_82' title='bbox 1471 1508 1584 1562; x_wconf 65' lang='lat' dir='ltr'>cioe</span> 
     </span>
     <span class='ocr_line' id='line_1_14' title="bbox 682 1583 1584 1649; baseline 0 -17"><span class='ocrx_word' id='word_1_83' title='bbox 682 1583 740 1633; x_wconf 88' lang='lat' dir='ltr'>in</span> <span class='ocrx_word' id='word_1_84' title='bbox 776 1583 941 1632; x_wconf 86' lang='lat' dir='ltr'>moles.</span> <span class='ocrx_word' id='word_1_85' title='bbox 974 1583 1139 1632; x_wconf 77' lang='lat' dir='ltr'><em>Moles</em></span> <span class='ocrx_word' id='word_1_86' title='bbox 1164 1584 1251 1648; x_wconf 89' lang='lat' dir='ltr'>qui</span> <span class='ocrx_word' id='word_1_87' title='bbox 1274 1601 1367 1649; x_wconf 87' lang='lat' dir='ltr'>per</span> <span class='ocrx_word' id='word_1_88' title='bbox 1392 1591 1584 1634; x_wconf 80' lang='lat' dir='ltr'>costra-</span> 
     </span>
     <span class='ocr_line' id='line_1_15' title="bbox 683 1654 1582 1720; baseline -0.001 -16"><span class='ocrx_word' id='word_1_89' title='bbox 683 1654 820 1705; x_wconf 84' lang='lat' dir='ltr'>zioni</span> <span class='ocrx_word' id='word_1_90' title='bbox 846 1655 1119 1720; x_wconf 85' lang='lat' dir='ltr'>grandiose</span> <span class='ocrx_word' id='word_1_91' title='bbox 1138 1656 1190 1703; x_wconf 93' lang='lat' dir='ltr'>di</span> <span class='ocrx_word' id='word_1_92' title='bbox 1210 1657 1373 1720; x_wconf 85' lang='lat' dir='ltr'>ponti,</span> <span class='ocrx_word' id='word_1_93' title='bbox 1402 1655 1582 1720; x_wconf 85' lang='lat' dir='ltr'>argini,</span> 
     </span>
     <span class='ocr_line' id='line_1_16' title="bbox 682 1723 1584 1792; baseline 0 -18"><span class='ocrx_word' id='word_1_94' title='bbox 682 1725 1019 1792; x_wconf 85' lang='lat' dir='ltr'>muraglioni;</span> <span class='ocrx_word' id='word_1_95' title='bbox 1089 1723 1197 1775; x_wconf 82' lang='lat' dir='ltr'>cosi</span> <span class='ocrx_word' id='word_1_96' title='bbox 1254 1743 1379 1792; x_wconf 85' lang='lat' dir='ltr'>pure</span> <span class='ocrx_word' id='word_1_97' title='bbox 1442 1725 1584 1776; x_wconf 88' lang='lat' dir='ltr'>nella</span> 
     </span>
     <span class='ocr_line' id='line_1_17' title="bbox 683 1795 1580 1863; baseline 0 -17"><span class='ocrx_word' id='word_1_98' title='bbox 683 1813 837 1863; x_wconf 87' lang='lat' dir='ltr'>prosa</span> <span class='ocrx_word' id='word_1_99' title='bbox 906 1796 1116 1848; x_wconf 83' lang='lat' dir='ltr'>classica</span> <span class='ocrx_word' id='word_1_100' title='bbox 1146 1815 1159 1858; x_wconf 87' lang='lat'><strong>;</strong></span> <span class='ocrx_word' id='word_1_101' title='bbox 1222 1798 1310 1847; x_wconf 84' lang='lat' dir='ltr'>cfr.</span> <span class='ocrx_word' id='word_1_102' title='bbox 1380 1795 1580 1859; x_wconf 80' lang='lat' dir='ltr'>Cesare,</span> 
     </span>
     <span class='ocr_line' id='line_1_18' title="bbox 681 1867 1582 1936; baseline 0 -19"><span class='ocrx_word' id='word_1_103' title='bbox 681 1868 749 1918; x_wconf 87' lang='lat' dir='ltr'>B.</span> <span class='ocrx_word' id='word_1_104' title='bbox 778 1867 835 1919; x_wconf 91' lang='lat' dir='ltr'>C.</span> <span class='ocrx_word' id='word_1_105' title='bbox 861 1870 901 1929; x_wconf 86' lang='lat'>1,</span> <span class='ocrx_word' id='word_1_106' title='bbox 931 1878 1027 1936; x_wconf 76' lang='lat'>253</span> <span class='ocrx_word' id='word_1_107' title='bbox 1056 1869 1181 1932; x_wconf 88' lang='lat' dir='ltr'>Cic.·,</span> <span class='ocrx_word' id='word_1_108' title='bbox 1209 1869 1291 1917; x_wconf 91' lang='lat' dir='ltr'>De</span> <span class='ocrx_word' id='word_1_109' title='bbox 1315 1869 1400 1932; x_wconf 77' lang='lat' dir='ltr'>effi</span> <span class='ocrx_word' id='word_1_110' title='bbox 1427 1880 1476 1928; x_wconf 89' lang='lat'>2,</span> <span class='ocrx_word' id='word_1_111' title='bbox 1512 1882 1582 1930; x_wconf 74' lang='lat'>43</span> 
     </span>
     <span class='ocr_line' id='line_1_19' title="bbox 691 1939 1583 2004; baseline -0.001 -16"><span class='ocrx_word' id='word_1_112' title='bbox 691 1939 839 1990; x_wconf 85' lang='lat' dir='ltr'>Verr.</span> <span class='ocrx_word' id='word_1_113' title='bbox 879 1952 926 1996; x_wconf 90' lang='lat'>2,</span> <span class='ocrx_word' id='word_1_114' title='bbox 952 1954 1007 2002; x_wconf 84' lang='lat'>4,</span> <span class='ocrx_word' id='word_1_115' title='bbox 1056 1950 1155 2004; x_wconf 83' lang='lat'>53:</span> <span class='ocrx_word' id='word_1_116' title='bbox 1201 1959 1225 1984; x_wconf 74' lang='lat' dir='ltr'>c</span> <span class='ocrx_word' id='word_1_117' title='bbox 1254 1940 1386 2004; x_wconf 83' lang='lat' dir='ltr'>fons</span> <span class='ocrx_word' id='word_1_118' title='bbox 1408 1941 1583 2004; x_wconf 81' lang='lat' dir='ltr'><em>fluctu</em></span> 
     </span>
     <span class='ocr_line' id='line_1_20' title="bbox 682 2011 1584 2076; baseline 0 -17"><span class='ocrx_word' id='word_1_119' title='bbox 682 2016 819 2061; x_wconf 83' lang='lat' dir='ltr'>totus</span> <span class='ocrx_word' id='word_1_120' title='bbox 843 2013 1147 2076; x_wconf 81' lang='lat' dir='ltr'>operiretur,</span> <span class='ocrx_word' id='word_1_121' title='bbox 1175 2011 1280 2061; x_wconf 88' lang='lat' dir='ltr'>nisi</span> <span class='ocrx_word' id='word_1_122' title='bbox 1301 2011 1584 2060; x_wconf 80' lang='lat' dir='ltr'>munitione</span> 
     </span>
     <span class='ocr_line' id='line_1_21' title="bbox 684 2082 1582 2148; baseline 0 -18"><span class='ocrx_word' id='word_1_123' title='bbox 684 2098 745 2130; x_wconf 87' lang='lat' dir='ltr'>ac</span> <span class='ocrx_word' id='word_1_124' title='bbox 762 2083 888 2132; x_wconf 80' lang='lat' dir='ltr'>mole</span> <span class='ocrx_word' id='word_1_125' title='bbox 906 2084 1134 2148; x_wconf 75' lang='lat' dir='ltr'>lapidum</span> <span class='ocrx_word' id='word_1_126' title='bbox 1156 2099 1189 2131; x_wconf 85' lang='lat' dir='ltr'><em>a</em></span> <span class='ocrx_word' id='word_1_127' title='bbox 1207 2083 1345 2131; x_wconf 82' lang='lat' dir='ltr'>mari</span> <span class='ocrx_word' id='word_1_128' title='bbox 1361 2082 1582 2131; x_wconf 84' lang='lat' dir='ltr'>disiunc-</span> 
     </span>
     <span class='ocr_line' id='line_1_22' title="bbox 680 2154 1582 2205; baseline 0 -2"><span class='ocrx_word' id='word_1_129' title='bbox 680 2160 767 2203; x_wconf 83' lang='lat' dir='ltr'>tus</span> <span class='ocrx_word' id='word_1_130' title='bbox 804 2161 931 2205; x_wconf 83' lang='lat' dir='ltr'>esset</span> <span class='ocrx_word' id='word_1_131' title='bbox 968 2172 1011 2203; x_wconf 74' lang='lat'>»-</span> <span class='ocrx_word' id='word_1_132' title='bbox 1054 2181 1116 2190; x_wconf 91' lang='lat'>—</span> <span class='ocrx_word' id='word_1_133' title='bbox 1154 2156 1233 2205; x_wconf 80' lang='lat' dir='ltr'>La</span> <span class='ocrx_word' id='word_1_134' title='bbox 1266 2154 1582 2205; x_wconf 84' lang='lat' dir='ltr'>costruzione</span> 
     </span>
    </p>
   </div>
   <div class='ocr_carea' id='block_1_6' title="bbox 597 2226 1583 2289">
    <p class='ocr_par' dir='ltr' id='par_1_9' title="bbox 597 2226 1583 2289">
     <span class='ocr_line' id='line_1_23' title="bbox 597 2226 1583 2289; baseline 0 -14"><span class='ocrx_word' id='word_1_135' title='bbox 597 2286 600 2289; x_wconf 25' lang='grc' dir='ltr'>Ι</span> <span class='ocrx_word' id='word_1_136' title='bbox 682 2226 736 2276; x_wconf 88' lang='lat' dir='ltr'>di</span> <span class='ocrx_word' id='word_1_137' title='bbox 806 2226 1076 2275; x_wconf 81' lang='lat' dir='ltr'>incurrere</span> <span class='ocrx_word' id='word_1_138' title='bbox 1136 2227 1219 2276; x_wconf 86' lang='lat' dir='ltr'>col</span> <span class='ocrx_word' id='word_1_139' title='bbox 1288 2227 1476 2285; x_wconf 83' lang='lat' dir='ltr'>dativo,</span> <span class='ocrx_word' id='word_1_140' title='bbox 1537 2226 1583 2275; x_wconf 85' lang='lat' dir='ltr'>si</span> 
     </span>
    </p>
   </div>
   <div class='ocr_carea' id='block_1_7' title="bbox 674 2296 1586 3721">
    <p class='ocr_par' dir='ltr' id='par_1_10' title="bbox 680 2296 1583 2632">
     <span class='ocr_line' id='line_1_24' title="bbox 682 2296 1583 2363; baseline -0.001 -16"><span class='ocrx_word' id='word_1_141' title='bbox 682 2304 825 2347; x_wconf 77' lang='lat' dir='ltr'>trova</span> <span class='ocrx_word' id='word_1_142' title='bbox 862 2298 1026 2347; x_wconf 85' lang='lat' dir='ltr'>anche</span> <span class='ocrx_word' id='word_1_143' title='bbox 1068 2314 1241 2363; x_wconf 84' lang='lat' dir='ltr'>presso</span> <span class='ocrx_word' id='word_1_144' title='bbox 1287 2296 1403 2347; x_wconf 82' lang='lat' dir='ltr'>altri</span> <span class='ocrx_word' id='word_1_145' title='bbox 1439 2296 1583 2346; x_wconf 88' lang='lat' dir='ltr'>scrit-</span> 
     </span>
     <span class='ocr_line' id='line_1_25' title="bbox 683 2366 1578 2430; baseline -0.001 -12"><span class='ocrx_word' id='word_1_146' title='bbox 683 2369 820 2428; x_wconf 84' lang='lat' dir='ltr'>tori;</span> <span class='ocrx_word' id='word_1_147' title='bbox 880 2368 968 2418; x_wconf 85' lang='lat' dir='ltr'>cfr.</span> <span class='ocrx_word' id='word_1_148' title='bbox 1016 2369 1220 2427; x_wconf 84' lang='lat' dir='ltr'>ovidio,</span> <span class='ocrx_word' id='word_1_149' title='bbox 1276 2366 1403 2418; x_wconf 62' lang='lat' dir='ltr'>Mei.</span> <span class='ocrx_word' id='word_1_150' title='bbox 1462 2369 1578 2430; x_wconf 89' lang='lat' dir='ltr'>VII,</span> 
     </span>
     <span class='ocr_line' id='line_1_26' title="bbox 686 2436 1581 2503; baseline 0 -15"><span class='ocrx_word' id='word_1_151' title='bbox 686 2439 790 2503; x_wconf 84' lang='lat'>546</span> <span class='ocrx_word' id='word_1_152' title='bbox 831 2457 857 2484; x_wconf 73' lang='lat' dir='ltr'>«r</span> <span class='ocrx_word' id='word_1_153' title='bbox 896 2441 1145 2488; x_wconf 82' lang='lat' dir='ltr'>armentis</span> <span class='ocrx_word' id='word_1_154' title='bbox 1166 2440 1437 2489; x_wconf 83' lang='lat' dir='ltr'>incurrere</span> <span class='ocrx_word' id='word_1_155' title='bbox 1455 2436 1581 2499; x_wconf 86' lang='lat' dir='ltr'>sor—</span> 
     </span>
     <span class='ocr_line' id='line_1_27' title="bbox 680 2506 1581 2575; baseline -0.001 -16"><span class='ocrx_word' id='word_1_156' title='bbox 680 2511 813 2559; x_wconf 78' lang='lat' dir='ltr'>tibus</span> <span class='ocrx_word' id='word_1_157' title='bbox 864 2527 908 2561; x_wconf 70' lang='grc' dir='ltr'>ι.</span> <span class='ocrx_word' id='word_1_158' title='bbox 956 2536 1025 2547; x_wconf 88' lang='grc'>-</span> <span class='ocrx_word' id='word_1_159' title='bbox 1076 2511 1135 2560; x_wconf 88' lang='lat' dir='ltr'>L&#39;</span> <span class='ocrx_word' id='word_1_160' title='bbox 1152 2524 1268 2575; x_wconf 87' lang='lat' dir='ltr'>agg.</span> <span class='ocrx_word' id='word_1_161' title='bbox 1318 2510 1506 2559; x_wconf 84' lang='lat' dir='ltr'>validis</span> <span class='ocrx_word' id='word_1_162' title='bbox 1551 2506 1581 2559; x_wconf 77' lang='grc' dir='ltr'>ὲ</span> 
     </span>
     <span class='ocr_line' id='line_1_28' title="bbox 681 2581 1313 2632; baseline 0 -1"><span class='ocrx_word' id='word_1_163' title='bbox 681 2582 747 2631; x_wconf 85' lang='lat' dir='ltr'>da</span> <span class='ocrx_word' id='word_1_164' title='bbox 782 2582 929 2631; x_wconf 88' lang='lat' dir='ltr'>unire</span> <span class='ocrx_word' id='word_1_165' title='bbox 966 2598 1065 2632; x_wconf 88' lang='lat' dir='ltr'>con</span> <span class='ocrx_word' id='word_1_166' title='bbox 1100 2581 1313 2631; x_wconf 81' lang='lat' dir='ltr'>viribus.</span> 
     </span>
    </p>

    <p class='ocr_par' dir='ltr' id='par_1_11' title="bbox 674 2651 1584 2861">
     <span class='ocr_line' id='line_1_29' title="bbox 757 2651 1584 2717; baseline 0.001 -15"><span class='ocrx_word' id='word_1_167' title='bbox 757 2651 876 2705; x_wconf 87' lang='lat'><strong>288.</strong></span> <span class='ocrx_word' id='word_1_168' title='bbox 914 2654 1037 2702; x_wconf 83' lang='lat' dir='ltr'><em>dat.</em></span> <span class='ocrx_word' id='word_1_169' title='bbox 1058 2689 1071 2704; x_wconf 86' lang='lat'><strong>.</strong></span> <span class='ocrx_word' id='word_1_170' title='bbox 1094 2688 1107 2703; x_wconf 87' lang='lat'><strong>.</strong></span> <span class='ocrx_word' id='word_1_171' title='bbox 1144 2659 1402 2717; x_wconf 80' lang='lat' dir='ltr'>stragem.-</span> <span class='ocrx_word' id='word_1_172' title='bbox 1449 2666 1584 2717; x_wconf 85' lang='lat' dir='ltr'>poco</span> 
     </span>
     <span class='ocr_line' id='line_1_30' title="bbox 682 2721 1581 2791; baseline -0.003 -16"><span class='ocrx_word' id='word_1_173' title='bbox 682 2721 773 2791; x_wconf 65' lang='lat' dir='ltr'>piu</span> <span class='ocrx_word' id='word_1_174' title='bbox 808 2742 882 2787; x_wconf 83' lang='lat' dir='ltr'>su,</span> <span class='ocrx_word' id='word_1_175' title='bbox 924 2722 1029 2773; x_wconf 89' lang='lat'>280</span> <span class='ocrx_word' id='word_1_176' title='bbox 1058 2742 1081 2768; x_wconf 70' lang='grc' dir='ltr'><em>α</em></span> <span class='ocrx_word' id='word_1_177' title='bbox 1111 2731 1428 2789; x_wconf 79' lang='lat' dir='ltr'>stragemque</span> <span class='ocrx_word' id='word_1_178' title='bbox 1456 2730 1581 2787; x_wconf 82' lang='lat' dir='ltr'>pro·</span> 
     </span>
     <span class='ocr_line' id='line_1_31' title="bbox 674 2802 961 2861; baseline 0 -16"><span class='ocrx_word' id='word_1_179' title='bbox 674 2802 881 2861; x_wconf 67' lang='lat' dir='ltr'>pagani</span> <span class='ocrx_word' id='word_1_180' title='bbox 916 2814 961 2845; x_wconf 72' lang='lat'>»-</span> 
     </span>
    </p>

    <p class='ocr_par' dir='ltr' id='par_1_12' title="bbox 676 2864 1586 3721">
     <span class='ocr_line' id='line_1_32' title="bbox 752 2864 1582 2932; baseline -0.006 -14"><span class='ocrx_word' id='word_1_181' title='bbox 752 2866 872 2932; x_wconf 83' lang='lat'><strong>289.</strong></span> <span class='ocrx_word' id='word_1_182' title='bbox 911 2866 1039 2916; x_wconf 81' lang='lat' dir='ltr'>-ruit</span> <span class='ocrx_word' id='word_1_183' title='bbox 1070 2882 1173 2931; x_wconf 84' lang='lat' dir='ltr'>qua</span> <span class='ocrx_word' id='word_1_184' title='bbox 1209 2864 1494 2931; x_wconf 81' lang='lat' dir='ltr'>quidquid:</span> <span class='ocrx_word' id='word_1_185' title='bbox 1545 2864 1582 2914; x_wconf 91' lang='lat' dir='ltr'>il</span> 
     </span>
     <span class='ocr_line' id='line_1_33' title="bbox 679 2936 1581 3002; baseline -0.007 -13"><span class='ocrx_word' id='word_1_186' title='bbox 679 2938 982 2989; x_wconf 83' lang='lat' dir='ltr'><strong>Lachmann</strong></span> <span class='ocrx_word' id='word_1_187' title='bbox 1031 2954 1061 2989; x_wconf 88' lang='lat' dir='ltr'>e</span> <span class='ocrx_word' id='word_1_188' title='bbox 1108 2937 1146 2987; x_wconf 88' lang='lat' dir='ltr'>il</span> <span class='ocrx_word' id='word_1_189' title='bbox 1196 2938 1404 3002; x_wconf 85' lang='lat' dir='ltr'>Brieger</span> <span class='ocrx_word' id='word_1_190' title='bbox 1448 2936 1581 2984; x_wconf 80' lang='lat' dir='ltr'>ruit-</span> 
     </span>
     <span class='ocr_line' id='line_1_34' title="bbox 678 3007 1582 3074; baseline -0.002 -15"><span class='ocrx_word' id='word_1_191' title='bbox 678 3025 775 3074; x_wconf 81' lang='lat' dir='ltr'>que</span> <span class='ocrx_word' id='word_1_192' title='bbox 825 3011 899 3059; x_wconf 82' lang='lat' dir='ltr'>ita</span> <span class='ocrx_word' id='word_1_193' title='bbox 948 3009 1209 3074; x_wconf 83' lang='lat' dir='ltr'>quidquid.</span> <span class='ocrx_word' id='word_1_194' title='bbox 1262 3009 1287 3057; x_wconf 93' lang='grc' dir='ltr'>Ι</span> <span class='ocrx_word' id='word_1_195' title='bbox 1339 3007 1582 3059; x_wconf 85' lang='lat' dir='ltr'>Leidensi</span> 
     </span>
     <span class='ocr_line' id='line_1_35' title="bbox 679 3079 1581 3146; baseline -0.001 -16"><span class='ocrx_word' id='word_1_196' title='bbox 679 3081 795 3131; x_wconf 82' lang='lat' dir='ltr'>ruit</span> <span class='ocrx_word' id='word_1_197' title='bbox 815 3098 918 3146; x_wconf 81' lang='lat' dir='ltr'>qua</span> <span class='ocrx_word' id='word_1_198' title='bbox 937 3080 1197 3145; x_wconf 83' lang='lat' dir='ltr'>quidquid,</span> <span class='ocrx_word' id='word_1_199' title='bbox 1226 3096 1310 3129; x_wconf 87' lang='lat' dir='ltr'>ma</span> <span class='ocrx_word' id='word_1_200' title='bbox 1335 3079 1387 3129; x_wconf 85' lang='lat' dir='ltr'>la</span> <span class='ocrx_word' id='word_1_201' title='bbox 1414 3079 1581 3144; x_wconf 83' lang='lat' dir='ltr'>prima</span> 
     </span>
     <span class='ocr_line' id='line_1_36' title="bbox 682 3151 1581 3215; baseline -0.004 -13"><span class='ocrx_word' id='word_1_202' title='bbox 682 3168 836 3203; x_wconf 82' lang='lat' dir='ltr'>mano</span> <span class='ocrx_word' id='word_1_203' title='bbox 880 3151 997 3203; x_wconf 84' lang='lat' dir='ltr'>dell·</span> <span class='ocrx_word' id='word_1_204' title='bbox 1027 3152 1283 3215; x_wconf 75' lang='lat' dir='ltr'>oblongus</span> <span class='ocrx_word' id='word_1_205' title='bbox 1332 3166 1488 3200; x_wconf 75' lang='lat' dir='ltr'>aveva</span> <span class='ocrx_word' id='word_1_206' title='bbox 1523 3166 1581 3197; x_wconf 93' lang='lat' dir='ltr'>o-</span> 
     </span>
     <span class='ocr_line' id='line_1_37' title="bbox 679 3220 1576 3287; baseline -0.003 -13"><span class='ocrx_word' id='word_1_207' title='bbox 679 3240 846 3274; x_wconf 86' lang='lat' dir='ltr'>messo</span> <span class='ocrx_word' id='word_1_208' title='bbox 891 3224 927 3273; x_wconf 87' lang='lat' dir='ltr'>il</span> <span class='ocrx_word' id='word_1_209' title='bbox 972 3240 1089 3287; x_wconf 83' lang='lat' dir='ltr'><em>qua.</em></span> <span class='ocrx_word' id='word_1_210' title='bbox 1140 3220 1274 3273; x_wconf 89' lang='lat' dir='ltr'>Nell&#39;</span> <span class='ocrx_word' id='word_1_211' title='bbox 1298 3221 1576 3286; x_wconf 81' lang='lat' dir='ltr'>archetipO,</span> 
     </span>
     <span class='ocr_line' id='line_1_38' title="bbox 680 3293 1580 3358; baseline -0.004 -13"><span class='ocrx_word' id='word_1_212' title='bbox 680 3297 905 3345; x_wconf 81' lang='lat' dir='ltr'>secondo</span> <span class='ocrx_word' id='word_1_213' title='bbox 954 3294 993 3345; x_wconf 94' lang='lat' dir='ltr'>il</span> <span class='ocrx_word' id='word_1_214' title='bbox 1040 3293 1342 3345; x_wconf 82' lang='lat' dir='ltr'><strong>Lachmann</strong></span> <span class='ocrx_word' id='word_1_215' title='bbox 1392 3299 1580 3358; x_wconf 81' lang='lat' dir='ltr'>poteva</span> 
     </span>
     <span class='ocr_line' id='line_1_39' title="bbox 680 3363 1577 3425; baseline -0.007 -7"><span class='ocrx_word' id='word_1_216' title='bbox 680 3382 845 3418; x_wconf 86' lang='lat' dir='ltr'>essere</span> <span class='ocrx_word' id='word_1_217' title='bbox 882 3378 1068 3422; x_wconf 77' lang='lat' dir='ltr'>Rm‘ro.</span> <span class='ocrx_word' id='word_1_218' title='bbox 1105 3377 1213 3425; x_wconf 76' lang='grc' dir='ltr'>ιτΑ,</span> <span class='ocrx_word' id='word_1_219' title='bbox 1241 3363 1341 3415; x_wconf 86' lang='lat' dir='ltr'>che</span> <span class='ocrx_word' id='word_1_220' title='bbox 1372 3363 1425 3413; x_wconf 88' lang='lat' dir='ltr'>fu</span> <span class='ocrx_word' id='word_1_221' title='bbox 1452 3363 1577 3412; x_wconf 83' lang='lat' dir='ltr'>letto</span> 
     </span>
     <span class='ocr_line' id='line_1_40' title="bbox 680 3421 1577 3503; baseline -0.004 -16"><span class='ocrx_word' id='word_1_222' title='bbox 680 3449 942 3495; x_wconf 75' lang='lat' dir='ltr'><strong>RmTQUA.</strong></span> <span class='ocrx_word' id='word_1_223' title='bbox 980 3421 1026 3489; x_wconf 70' lang='grc' dir='ltr'>Ε</span> <span class='ocrx_word' id='word_1_224' title='bbox 1057 3434 1182 3503; x_wconf 73' lang='lat' dir='ltr'>pero</span> <span class='ocrx_word' id='word_1_225' title='bbox 1208 3434 1453 3501; x_wconf 89' lang='lat' dir='ltr'>possibile</span> <span class='ocrx_word' id='word_1_226' title='bbox 1482 3432 1577 3485; x_wconf 85' lang='lat' dir='ltr'>che</span> 
     </span>
     <span class='ocr_line' id='line_1_41' title="bbox 678 3505 1586 3575; baseline -0.009 -14"><span class='ocrx_word' id='word_1_227' title='bbox 678 3510 756 3561; x_wconf 87' lang='lat' dir='ltr'>sia</span> <span class='ocrx_word' id='word_1_228' title='bbox 802 3510 970 3575; x_wconf 86' lang='lat' dir='ltr'>giusto</span> <span class='ocrx_word' id='word_1_229' title='bbox 1021 3508 1134 3558; x_wconf 80' lang='lat' dir='ltr'>ruit</span> <span class='ocrx_word' id='word_1_230' title='bbox 1180 3522 1281 3571; x_wconf 84' lang='lat' dir='ltr'>qua</span> <span class='ocrx_word' id='word_1_231' title='bbox 1330 3505 1586 3569; x_wconf 83' lang='lat' dir='ltr'>quidquid</span> 
     </span>
     <span class='ocr_line' id='line_1_42' title="bbox 676 3576 1575 3646; baseline -0.006 -14"><span class='ocrx_word' id='word_1_232' title='bbox 676 3580 921 3646; x_wconf 75' lang='lat' dir='ltr'>(Munroz</span> <span class='ocrx_word' id='word_1_233' title='bbox 993 3577 1247 3645; x_wconf 78' lang='lat' dir='ltr'>quicquid,</span> <span class='ocrx_word' id='word_1_234' title='bbox 1309 3576 1405 3627; x_wconf 86' lang='lat' dir='ltr'>che</span> <span class='ocrx_word' id='word_1_235' title='bbox 1470 3576 1575 3641; x_wconf 87' lang='lat' dir='ltr'>egli</span> 
     </span>
     <span class='ocr_line' id='line_1_43' title="bbox 677 3646 1578 3721; baseline -0.009 -15"><span class='ocrx_word' id='word_1_236' title='bbox 677 3669 817 3720; x_wconf 86' lang='lat' dir='ltr'>pone</span> <span class='ocrx_word' id='word_1_237' title='bbox 850 3652 1035 3721; x_wconf 80' lang='lat' dir='ltr'>eguale</span> <span class='ocrx_word' id='word_1_238' title='bbox 1076 3668 1108 3703; x_wconf 81' lang='lat' dir='ltr'><strong>a</strong></span> <span class='ocrx_word' id='word_1_239' title='bbox 1135 3646 1389 3717; x_wconf 59' lang='lat' dir='ltr'>quidque).</span> <span class='ocrx_word' id='word_1_240' title='bbox 1428 3647 1578 3701; x_wconf 85' lang='lat' dir='ltr'>Cice-</span> 
     </span>
    </p>
   </div>
   <div class='ocr_carea' id='block_1_8' title="bbox 1690 1324 2588 1434">
    <p class='ocr_par' dir='ltr' id='par_1_13' title="bbox 1690 1324 2588 1434">
     <span class='ocr_line' id='line_1_44' title="bbox 1690 1324 2588 1434; baseline 0.001 -16"><span class='ocrx_word' id='word_1_241' title='bbox 1690 1385 1816 1420; x_wconf 89' lang='lat' dir='ltr'>rone</span> <span class='ocrx_word' id='word_1_242' title='bbox 1853 1324 1992 1434; x_wconf 55' lang='lat' dir='ltr'>dopo</span> <span class='ocrx_word' id='word_1_243' title='bbox 2017 1385 2119 1418; x_wconf 83' lang='lat' dir='ltr'>una</span> <span class='ocrx_word' id='word_1_244' title='bbox 2143 1368 2414 1434; x_wconf 80' lang='lat' dir='ltr'>particella</span> <span class='ocrx_word' id='word_1_245' title='bbox 2454 1368 2588 1419; x_wconf 74' lang='lat' dir='ltr'>rela-</span> 
     </span>
    </p>
   </div>
   <div class='ocr_carea' id='block_1_9' title="bbox 1682 1439 2599 3715">
    <p class='ocr_par' dir='ltr' id='par_1_14' title="bbox 1682 1439 2599 2489">
     <span class='ocr_line' id='line_1_45' title="bbox 1690 1439 2592 1505; baseline -0.001 -14"><span class='ocrx_word' id='word_1_246' title='bbox 1690 1441 1793 1492; x_wconf 84' lang='lat' dir='ltr'>tiva</span> <span class='ocrx_word' id='word_1_247' title='bbox 1830 1441 2054 1505; x_wconf 82' lang='lat' dir='ltr'>adopera</span> <span class='ocrx_word' id='word_1_248' title='bbox 2100 1440 2356 1504; x_wconf 79' lang='lat' dir='ltr'>quidquid</span> <span class='ocrx_word' id='word_1_249' title='bbox 2398 1439 2484 1490; x_wconf 87' lang='lat' dir='ltr'>nel</span> <span class='ocrx_word' id='word_1_250' title='bbox 2521 1441 2592 1490; x_wconf 87' lang='lat' dir='ltr'>si·</span> 
     </span>
     <span class='ocr_line' id='line_1_46' title="bbox 1690 1511 2599 1577; baseline -0.002 -15"><span class='ocrx_word' id='word_1_251' title='bbox 1690 1512 1934 1577; x_wconf 85' lang='lat' dir='ltr'>gnificato</span> <span class='ocrx_word' id='word_1_252' title='bbox 1971 1513 2023 1561; x_wconf 87' lang='lat' dir='ltr'>di</span> <span class='ocrx_word' id='word_1_253' title='bbox 2072 1511 2285 1576; x_wconf 79' lang='lat' dir='ltr'>aliquid,</span> <span class='ocrx_word' id='word_1_254' title='bbox 2339 1511 2599 1576; x_wconf 81' lang='lat' dir='ltr'>quidquid</span> 
     </span>
     <span class='ocr_line' id='line_1_47' title="bbox 1690 1583 2591 1647; baseline -0.001 -15"><span class='ocrx_word' id='word_1_255' title='bbox 1690 1588 1803 1634; x_wconf 81' lang='lat' dir='ltr'>est:</span> <span class='ocrx_word' id='word_1_256' title='bbox 1845 1583 1993 1633; x_wconf 82' lang='lat' dir='ltr'>Verr.</span> <span class='ocrx_word' id='word_1_257' title='bbox 2035 1595 2083 1647; x_wconf 80' lang='lat'>2,</span> <span class='ocrx_word' id='word_1_258' title='bbox 2123 1597 2173 1645; x_wconf 86' lang='lat'>4,</span> <span class='ocrx_word' id='word_1_259' title='bbox 2219 1595 2296 1646; x_wconf 87' lang='lat'>13,</span> <span class='ocrx_word' id='word_1_260' title='bbox 2337 1595 2400 1646; x_wconf 88' lang='lat'>31</span> <span class='ocrx_word' id='word_1_261' title='bbox 2447 1602 2470 1626; x_wconf 75' lang='grc' dir='ltr'>ι</span> <span class='ocrx_word' id='word_1_262' title='bbox 2513 1583 2591 1631; x_wconf 80' lang='lat' dir='ltr'>ita</span> 
     </span>
     <span class='ocr_line' id='line_1_48' title="bbox 1690 1655 2593 1717; baseline -0.001 -14"><span class='ocrx_word' id='word_1_263' title='bbox 1690 1655 2042 1704; x_wconf 80' lang='lat' dir='ltr'>odorabantur</span> <span class='ocrx_word' id='word_1_264' title='bbox 2091 1655 2264 1703; x_wconf 84' lang='lat' dir='ltr'>omnia</span> <span class='ocrx_word' id='word_1_265' title='bbox 2300 1659 2350 1703; x_wconf 87' lang='lat' dir='ltr'>et</span> <span class='ocrx_word' id='word_1_266' title='bbox 2384 1660 2593 1717; x_wconf 80' lang='lat' dir='ltr'>perves-</span> 
     </span>
     <span class='ocr_line' id='line_1_49' title="bbox 1690 1726 2590 1789; baseline 0.001 -16"><span class='ocrx_word' id='word_1_267' title='bbox 1690 1726 1990 1789; x_wconf 62' lang='lat' dir='ltr'>tigabantur</span> <span class='ocrx_word' id='word_1_268' title='bbox 2027 1731 2090 1774; x_wconf 86' lang='lat' dir='ltr'>ut</span> <span class='ocrx_word' id='word_1_269' title='bbox 2122 1726 2214 1774; x_wconf 84' lang='lat' dir='ltr'>ubi</span> <span class='ocrx_word' id='word_1_270' title='bbox 2245 1726 2499 1789; x_wconf 83' lang='lat' dir='ltr'>quidquid</span> <span class='ocrx_word' id='word_1_271' title='bbox 2517 1741 2590 1774; x_wconf 89' lang='lat' dir='ltr'>es-</span> 
     </span>
     <span class='ocr_line' id='line_1_50' title="bbox 1690 1797 2584 1856; baseline 0.002 -12"><span class='ocrx_word' id='word_1_272' title='bbox 1690 1802 1777 1856; x_wconf 83' lang='lat' dir='ltr'>set,</span> <span class='ocrx_word' id='word_1_273' title='bbox 1816 1797 1924 1845; x_wconf 83' lang='lat' dir='ltr'>alia</span> <span class='ocrx_word' id='word_1_274' title='bbox 1971 1797 2170 1845; x_wconf 79' lang='lat' dir='ltr'>ratione</span> <span class='ocrx_word' id='word_1_275' title='bbox 2218 1797 2518 1846; x_wconf 81' lang='lat' dir='ltr'>invenirent</span> <span class='ocrx_word' id='word_1_276' title='bbox 2559 1815 2584 1840; x_wconf 70' lang='grc' dir='ltr'><strong><em>ι</em></strong></span> 
     </span>
     <span class='ocr_line' id='line_1_51' title="bbox 1692 1865 2592 1932; baseline 0.001 -16"><span class='ocrx_word' id='word_1_277' title='bbox 1692 1865 1786 1932; x_wconf 90' lang='lat'>(=</span> <span class='ocrx_word' id='word_1_278' title='bbox 1823 1869 1872 1916; x_wconf 84' lang='lat' dir='ltr'>si</span> <span class='ocrx_word' id='word_1_279' title='bbox 1903 1867 2034 1932; x_wconf 82' lang='lat' dir='ltr'>quid</span> <span class='ocrx_word' id='word_1_280' title='bbox 2063 1873 2198 1926; x_wconf 83' lang='lat' dir='ltr'>esset,</span> <span class='ocrx_word' id='word_1_281' title='bbox 2233 1868 2488 1931; x_wconf 81' lang='lat' dir='ltr'>quidquid</span> <span class='ocrx_word' id='word_1_282' title='bbox 2517 1883 2592 1917; x_wconf 81' lang='lat' dir='ltr'>es-</span> 
     </span>
     <span class='ocr_line' id='line_1_52' title="bbox 1688 1935 2590 2003; baseline 0 -15"><span class='ocrx_word' id='word_1_283' title='bbox 1688 1935 1812 2003; x_wconf 85' lang='lat' dir='ltr'>set);</span> <span class='ocrx_word' id='word_1_284' title='bbox 1851 1939 1942 1988; x_wconf 84' lang='lat' dir='ltr'>cfr.</span> <span class='ocrx_word' id='word_1_285' title='bbox 1977 1938 2350 1998; x_wconf 85' lang='lat' dir='ltr'>Hellmuth,</span> <span class='ocrx_word' id='word_1_286' title='bbox 2378 1939 2460 1987; x_wconf 89' lang='lat' dir='ltr'>De</span> <span class='ocrx_word' id='word_1_287' title='bbox 2481 1953 2590 1988; x_wconf 84' lang='lat' dir='ltr'>ser-</span> 
     </span>
     <span class='ocr_line' id='line_1_53' title="bbox 1689 2010 2592 2074; baseline 0.001 -16"><span class='ocrx_word' id='word_1_288' title='bbox 1689 2010 1853 2059; x_wconf 80' lang='lat' dir='ltr'>monis</span> <span class='ocrx_word' id='word_1_289' title='bbox 1895 2010 2314 2073; x_wconf 79' lang='lat' dir='ltr'>proprietatibus,</span> <span class='ocrx_word' id='word_1_290' title='bbox 2355 2025 2484 2074; x_wconf 83' lang='lat' dir='ltr'>quae</span> <span class='ocrx_word' id='word_1_291' title='bbox 2533 2011 2592 2059; x_wconf 90' lang='lat' dir='ltr'>in</span> 
     </span>
     <span class='ocr_line' id='line_1_54' title="bbox 1682 2079 2588 2149; baseline 0.003 -21"><span class='ocrx_word' id='word_1_292' title='bbox 1682 2081 1949 2149; x_wconf 63' lang='lat' dir='ltr'>prioribus</span> <span class='ocrx_word' id='word_1_293' title='bbox 1988 2079 2042 2130; x_wconf 88' lang='lat' dir='ltr'>C.</span> <span class='ocrx_word' id='word_1_294' title='bbox 2088 2081 2404 2131; x_wconf 81' lang='lat' dir='ltr'>orationibus</span> <span class='ocrx_word' id='word_1_295' title='bbox 2450 2081 2588 2131; x_wconf 83' lang='lat' dir='ltr'>inve-</span> 
     </span>
     <span class='ocr_line' id='line_1_55' title="bbox 1690 2152 2592 2218; baseline 0.001 -15"><span class='ocrx_word' id='word_1_296' title='bbox 1690 2153 1931 2212; x_wconf 79' lang='lat' dir='ltr'>niuntur,</span> <span class='ocrx_word' id='word_1_297' title='bbox 1987 2170 2039 2218; x_wconf 91' lang='lat' dir='ltr'>p.</span> <span class='ocrx_word' id='word_1_298' title='bbox 2097 2165 2208 2218; x_wconf 70' lang='lat'>132,</span> <span class='ocrx_word' id='word_1_299' title='bbox 2263 2152 2365 2202; x_wconf 90' lang='lat' dir='ltr'>Nel</span> <span class='ocrx_word' id='word_1_300' title='bbox 2415 2162 2592 2205; x_wconf 88' lang='lat' dir='ltr'>nostro</span> 
     </span>
     <span class='ocr_line' id='line_1_56' title="bbox 1689 2222 2594 2290; baseline 0.002 -17"><span class='ocrx_word' id='word_1_301' title='bbox 1689 2240 1841 2290; x_wconf 83' lang='lat' dir='ltr'>passo</span> <span class='ocrx_word' id='word_1_302' title='bbox 1883 2225 2122 2289; x_wconf 83' lang='lat' dir='ltr'>dunque:</span> <span class='ocrx_word' id='word_1_303' title='bbox 2176 2244 2198 2267; x_wconf 76' lang='lat' dir='ltr'><em>c</em></span> <span class='ocrx_word' id='word_1_304' title='bbox 2241 2224 2420 2273; x_wconf 80' lang='lat' dir='ltr'>rovina</span> <span class='ocrx_word' id='word_1_305' title='bbox 2476 2222 2594 2275; x_wconf 67' lang='lat' dir='ltr'>colit</span> 
     </span>
     <span class='ocr_line' id='line_1_57' title="bbox 1692 2295 2591 2361; baseline 0 -16"><span class='ocrx_word' id='word_1_306' title='bbox 1692 2296 1822 2345; x_wconf 86' lang='lat' dir='ltr'>dove</span> <span class='ocrx_word' id='word_1_307' title='bbox 1858 2311 1960 2344; x_wconf 86' lang='lat' dir='ltr'>una</span> <span class='ocrx_word' id='word_1_308' title='bbox 1997 2295 2239 2360; x_wconf 80' lang='lat' dir='ltr'>qualsiasi</span> <span class='ocrx_word' id='word_1_309' title='bbox 2264 2306 2388 2345; x_wconf 71' lang='lat' dir='ltr'>‘cosa</span> <span class='ocrx_word' id='word_1_310' title='bbox 2426 2297 2469 2345; x_wconf 87' lang='lat' dir='ltr'>si</span> <span class='ocrx_word' id='word_1_311' title='bbox 2496 2314 2591 2361; x_wconf 87' lang='lat' dir='ltr'>op·</span> 
     </span>
     <span class='ocr_line' id='line_1_58' title="bbox 1690 2362 2594 2432; baseline 0.001 -16"><span class='ocrx_word' id='word_1_312' title='bbox 1690 2382 1867 2432; x_wconf 82' lang='lat' dir='ltr'>ponga</span> <span class='ocrx_word' id='word_1_313' title='bbox 1889 2368 1939 2416; x_wconf 83' lang='lat' dir='ltr'>ai</span> <span class='ocrx_word' id='word_1_314' title='bbox 1964 2367 2097 2417; x_wconf 87' lang='lat' dir='ltr'>flutti</span> <span class='ocrx_word' id='word_1_315' title='bbox 2130 2384 2173 2416; x_wconf 65' lang='grc' dir='ltr'>ι.</span> <span class='ocrx_word' id='word_1_316' title='bbox 2199 2367 2322 2417; x_wconf 90' lang='lat' dir='ltr'>Non</span> <span class='ocrx_word' id='word_1_317' title='bbox 2339 2362 2418 2417; x_wconf 67' lang='lat' dir='ltr'>v’e</span> <span class='ocrx_word' id='word_1_318' title='bbox 2448 2368 2594 2417; x_wconf 86' lang='lat' dir='ltr'>nulla</span> 
     </span>
     <span class='ocr_line' id='line_1_59' title="bbox 1691 2446 2381 2489; baseline -0.001 -2"><span class='ocrx_word' id='word_1_319' title='bbox 1691 2454 1723 2487; x_wconf 85' lang='lat' dir='ltr'><strong>a</strong></span> <span class='ocrx_word' id='word_1_320' title='bbox 1758 2446 1970 2489; x_wconf 83' lang='lat' dir='ltr'>mutare.</span> <span class='ocrx_word' id='word_1_321' title='bbox 2375 2471 2381 2477; x_wconf 78' lang='lat'><em>,</em></span> 
     </span>
    </p>

    <p class='ocr_par' dir='ltr' id='par_1_15' title="bbox 1696 2506 2592 2643">
     <span class='ocr_line' id='line_1_60' title="bbox 1763 2506 2592 2573; baseline 0.002 -15"><span class='ocrx_word' id='word_1_322' title='bbox 1763 2522 1882 2573; x_wconf 88' lang='lat'><strong>290.</strong></span> <span class='ocrx_word' id='word_1_323' title='bbox 1919 2508 2060 2557; x_wconf 83' lang='lat' dir='ltr'>venti</span> <span class='ocrx_word' id='word_1_324' title='bbox 2095 2506 2361 2571; x_wconf 83' lang='lat' dir='ltr'>flamina:</span> <span class='ocrx_word' id='word_1_325' title='bbox 2405 2509 2460 2558; x_wconf 91' lang='lat' dir='ltr'>in</span> <span class='ocrx_word' id='word_1_326' title='bbox 2497 2510 2592 2571; x_wconf 84' lang='lat' dir='ltr'>VI,</span> 
     </span>
     <span class='ocr_line' id='line_1_61' title="bbox 1696 2578 2592 2643; baseline 0 -15"><span class='ocrx_word' id='word_1_327' title='bbox 1696 2589 1791 2643; x_wconf 83' lang='lat'>135</span> <span class='ocrx_word' id='word_1_328' title='bbox 1823 2599 1848 2625; x_wconf 72' lang='grc' dir='ltr'>ι</span> <span class='ocrx_word' id='word_1_329' title='bbox 1875 2578 2103 2643; x_wconf 82' lang='lat' dir='ltr'>flamina</span> <span class='ocrx_word' id='word_1_330' title='bbox 2129 2596 2242 2628; x_wconf 85' lang='lat' dir='ltr'>cum</span> <span class='ocrx_word' id='word_1_331' title='bbox 2265 2578 2520 2643; x_wconf 81' lang='lat' dir='ltr'>-Perflant</span> <span class='ocrx_word' id='word_1_332' title='bbox 2545 2596 2592 2629; x_wconf 70' lang='grc' dir='ltr'>ι.</span> 
     </span>
    </p>

    <p class='ocr_par' dir='ltr' id='par_1_16' title="bbox 1689 2650 2593 2785">
     <span class='ocr_line' id='line_1_62' title="bbox 1763 2650 2593 2715; baseline 0.001 -16"><span class='ocrx_word' id='word_1_333' title='bbox 1763 2662 1883 2715; x_wconf 85' lang='lat'>291.</span> <span class='ocrx_word' id='word_1_334' title='bbox 1939 2650 2168 2700; x_wconf 83' lang='lat' dir='ltr'>Ordina:</span> <span class='ocrx_word' id='word_1_335' title='bbox 2227 2666 2341 2700; x_wconf 83' lang='lat' dir='ltr'>cum</span> <span class='ocrx_word' id='word_1_336' title='bbox 2395 2658 2593 2715; x_wconf 80' lang='lat' dir='ltr'>procn-</span> 
     </span>
     <span class='ocr_line' id='line_1_63' title="bbox 1689 2720 2541 2785; baseline 0.001 -15"><span class='ocrx_word' id='word_1_337' title='bbox 1689 2721 1840 2771; x_wconf 84' lang='lat' dir='ltr'>buere</span> <span class='ocrx_word' id='word_1_338' title='bbox 1874 2722 2037 2771; x_wconf 82' lang='lat' dir='ltr'>veluti</span> <span class='ocrx_word' id='word_1_339' title='bbox 2057 2722 2296 2780; x_wconf 66' lang='lat' dir='ltr'>palidum</span> <span class='ocrx_word' id='word_1_340' title='bbox 2319 2720 2541 2785; x_wconf 84' lang='lat' dir='ltr'>flumen.</span> 
     </span>
    </p>

    <p class='ocr_par' dir='ltr' id='par_1_17' title="bbox 1684 2794 2596 3715">
     <span class='ocr_line' id='line_1_64' title="bbox 1762 2794 2594 2855; baseline 0.004 -14"><span class='ocrx_word' id='word_1_341' title='bbox 1762 2804 1880 2855; x_wconf 85' lang='lat'><strong>293.</strong></span> <span class='ocrx_word' id='word_1_342' title='bbox 1939 2794 2125 2842; x_wconf 78' lang='lat' dir='ltr'>vertice</span> <span class='ocrx_word' id='word_1_343' title='bbox 2180 2799 2311 2841; x_wconf 81' lang='lat' dir='ltr'><em>torto</em></span> <span class='ocrx_word' id='word_1_344' title='bbox 2329 2808 2347 2841; x_wconf 92' lang='lat'>.·</span> <span class='ocrx_word' id='word_1_345' title='bbox 2405 2812 2430 2838; x_wconf 72' lang='grc' dir='ltr'>ι</span> <span class='ocrx_word' id='word_1_346' title='bbox 2492 2809 2594 2844; x_wconf 90' lang='lat' dir='ltr'>con</span> 
     </span>
     <span class='ocr_line' id='line_1_65' title="bbox 1689 2864 2595 2922; baseline 0.001 -8"><span class='ocrx_word' id='word_1_347' title='bbox 1689 2871 1917 2915; x_wconf 89' lang='lat' dir='ltr'>tortuoso</span> <span class='ocrx_word' id='word_1_348' title='bbox 1966 2864 2157 2915; x_wconf 84' lang='lat' dir='ltr'>vortice</span> <span class='ocrx_word' id='word_1_349' title='bbox 2196 2882 2240 2922; x_wconf 65' lang='grc' dir='ltr'>ι,</span> <span class='ocrx_word' id='word_1_350' title='bbox 2280 2864 2396 2915; x_wconf 87' lang='lat' dir='ltr'>dice</span> <span class='ocrx_word' id='word_1_351' title='bbox 2441 2882 2473 2915; x_wconf 81' lang='lat' dir='ltr'>a</span> <span class='ocrx_word' id='word_1_352' title='bbox 2520 2880 2595 2915; x_wconf 87' lang='lat' dir='ltr'>un</span> 
     </span>
     <span class='ocr_line' id='line_1_66' title="bbox 1689 2934 2595 3001; baseline 0.002 -16"><span class='ocrx_word' id='word_1_353' title='bbox 1689 2936 1915 3001; x_wconf 85' lang='lat' dir='ltr'>dipresso</span> <span class='ocrx_word' id='word_1_354' title='bbox 1953 2940 2145 2999; x_wconf 71' lang='lat' dir='ltr'>quanto</span> <span class='ocrx_word' id='word_1_355' title='bbox 2192 2934 2278 2984; x_wconf 85' lang='lat' dir='ltr'>nel</span> <span class='ocrx_word' id='word_1_356' title='bbox 2329 2952 2474 2986; x_wconf 81' lang='lat' dir='ltr'>verso</span> <span class='ocrx_word' id='word_1_357' title='bbox 2491 2938 2595 2987; x_wconf 80' lang='lat' dir='ltr'>&#39;se-</span> 
     </span>
     <span class='ocr_line' id='line_1_67' title="bbox 1686 3006 2594 3072; baseline 0.002 -17"><span class='ocrx_word' id='word_1_358' title='bbox 1686 3014 1874 3072; x_wconf 86' lang='lat' dir='ltr'>guente</span> <span class='ocrx_word' id='word_1_359' title='bbox 1903 3006 2105 3055; x_wconf 79' lang='lat' dir='ltr'>rotanti</span> <span class='ocrx_word' id='word_1_360' title='bbox 2129 3006 2349 3057; x_wconf 84' lang='lat' dir='ltr'>turbine.</span> <span class='ocrx_word' id='word_1_361' title='bbox 2387 3008 2478 3057; x_wconf 85' lang='lat' dir='ltr'>Ma</span> <span class='ocrx_word' id='word_1_362' title='bbox 2505 3006 2594 3057; x_wconf 85' lang='lat' dir='ltr'>nel</span> 
     </span>
     <span class='ocr_line' id='line_1_68' title="bbox 1685 3076 2595 3144; baseline 0.003 -18"><span class='ocrx_word' id='word_1_363' title='bbox 1685 3078 1922 3144; x_wconf 85' lang='lat' dir='ltr'>pensiero</span> <span class='ocrx_word' id='word_1_364' title='bbox 1969 3076 2257 3128; x_wconf 84' lang='lat' dir='ltr'>lucreziano</span> <span class='ocrx_word' id='word_1_365' title='bbox 2312 3079 2444 3128; x_wconf 84' lang='lat' dir='ltr'>forse</span> <span class='ocrx_word' id='word_1_366' title='bbox 2487 3094 2595 3129; x_wconf 76' lang='lat' dir='ltr'>una</span> 
     </span>
     <span class='ocr_line' id='line_1_69' title="bbox 1685 3148 2594 3200; baseline 0.001 -1"><span class='ocrx_word' id='word_1_367' title='bbox 1685 3148 1787 3199; x_wconf 83' lang='lat' dir='ltr'>fine</span> <span class='ocrx_word' id='word_1_368' title='bbox 1825 3150 2095 3199; x_wconf 85' lang='lat' dir='ltr'>differenza</span> <span class='ocrx_word' id='word_1_369' title='bbox 2141 3148 2185 3198; x_wconf 85' lang='lat' dir='ltr'>v&#39;</span> <span class='ocrx_word' id='word_1_370' title='bbox 2211 3148 2254 3199; x_wconf 79' lang='grc' dir='ltr'>ὲ.</span> <span class='ocrx_word' id='word_1_371' title='bbox 2304 3149 2353 3198; x_wconf 93' lang='lat'>11</span> <span class='ocrx_word' id='word_1_372' title='bbox 2389 3151 2594 3200; x_wconf 85' lang='lat' dir='ltr'>turbine</span> 
     </span>
     <span class='ocr_line' id='line_1_70' title="bbox 1685 3218 2592 3285; baseline 0.003 -16"><span class='ocrx_word' id='word_1_373' title='bbox 1685 3218 1714 3269; x_wconf 79' lang='grc' dir='ltr'>ὲ</span> <span class='ocrx_word' id='word_1_374' title='bbox 1754 3220 2031 3285; x_wconf 83' lang='lat' dir='ltr'>adoperato</span> <span class='ocrx_word' id='word_1_375' title='bbox 2056 3221 2112 3269; x_wconf 91' lang='lat' dir='ltr'>in</span> <span class='ocrx_word' id='word_1_376' title='bbox 2141 3236 2292 3270; x_wconf 87' lang='lat' dir='ltr'>senso</span> <span class='ocrx_word' id='word_1_377' title='bbox 2330 3228 2592 3283; x_wconf 78' lang='lat' dir='ltr'>concreto,</span> 
     </span>
     <span class='ocr_line' id='line_1_71' title="bbox 1685 3290 2595 3357; baseline 0.003 -16"><span class='ocrx_word' id='word_1_378' title='bbox 1685 3291 1752 3341; x_wconf 87' lang='lat' dir='ltr'>ed</span> <span class='ocrx_word' id='word_1_379' title='bbox 1783 3290 1812 3341; x_wconf 78' lang='grc' dir='ltr'>ὲ</span> <span class='ocrx_word' id='word_1_380' title='bbox 1835 3291 1874 3341; x_wconf 91' lang='lat' dir='ltr'>il</span> <span class='ocrx_word' id='word_1_381' title='bbox 1910 3292 2150 3357; x_wconf 86' lang='lat' dir='ltr'>prodotto</span> <span class='ocrx_word' id='word_1_382' title='bbox 2177 3290 2260 3341; x_wconf 93' lang='lat' dir='ltr'>del</span> <span class='ocrx_word' id='word_1_383' title='bbox 2286 3300 2440 3344; x_wconf 84' lang='lat' dir='ltr'>vento</span> <span class='ocrx_word' id='word_1_384' title='bbox 2477 3310 2595 3345; x_wconf 84' lang='lat' dir='ltr'>vor-</span> 
     </span>
     <span class='ocr_line' id='line_1_72' title="bbox 1685 3360 2592 3428; baseline 0.002 -15"><span class='ocrx_word' id='word_1_385' title='bbox 1685 3363 1883 3421; x_wconf 80' lang='lat' dir='ltr'>ticos03</span> <span class='ocrx_word' id='word_1_386' title='bbox 1930 3360 2100 3412; x_wconf 66' lang='lat' dir='ltr'>sicche</span> <span class='ocrx_word' id='word_1_387' title='bbox 2137 3363 2337 3428; x_wconf 84' lang='lat' dir='ltr'>precisa</span> <span class='ocrx_word' id='word_1_388' title='bbox 2376 3360 2404 3413; x_wconf 78' lang='grc' dir='ltr'>ὲ</span> <span class='ocrx_word' id='word_1_389' title='bbox 2441 3363 2474 3413; x_wconf 88' lang='grc'>1’</span> <span class='ocrx_word' id='word_1_390' title='bbox 2496 3363 2592 3415; x_wconf 89' lang='lat' dir='ltr'>im·</span> 
     </span>
     <span class='ocr_line' id='line_1_73' title="bbox 1687 3432 2594 3498; baseline 0.003 -15"><span class='ocrx_word' id='word_1_391' title='bbox 1687 3434 1894 3498; x_wconf 84' lang='lat' dir='ltr'>magine</span> <span class='ocrx_word' id='word_1_392' title='bbox 1932 3432 2016 3483; x_wconf 88' lang='lat' dir='ltr'>del</span> <span class='ocrx_word' id='word_1_393' title='bbox 2053 3442 2206 3484; x_wconf 84' lang='lat' dir='ltr'>vento</span> <span class='ocrx_word' id='word_1_394' title='bbox 2245 3434 2342 3485; x_wconf 90' lang='lat' dir='ltr'>che</span> <span class='ocrx_word' id='word_1_395' title='bbox 2380 3434 2464 3485; x_wconf 84' lang='lat' dir='ltr'>col</span> <span class='ocrx_word' id='word_1_396' title='bbox 2497 3452 2594 3486; x_wconf 84' lang='lat' dir='ltr'>suo</span> 
     </span>
     <span class='ocr_line' id='line_1_74' title="bbox 1685 3504 2595 3572; baseline 0.002 -17"><span class='ocrx_word' id='word_1_397' title='bbox 1685 3506 1874 3555; x_wconf 84' lang='lat' dir='ltr'>vortice</span> <span class='ocrx_word' id='word_1_398' title='bbox 1925 3504 2116 3555; x_wconf 85' lang='lat' dir='ltr'>investe</span> <span class='ocrx_word' id='word_1_399' title='bbox 2163 3504 2214 3555; x_wconf 89' lang='lat' dir='ltr'>le</span> <span class='ocrx_word' id='word_1_400' title='bbox 2261 3522 2396 3568; x_wconf 84' lang='lat' dir='ltr'>cose,</span> <span class='ocrx_word' id='word_1_401' title='bbox 2435 3522 2465 3557; x_wconf 83' lang='lat' dir='ltr'>e</span> <span class='ocrx_word' id='word_1_402' title='bbox 2502 3506 2595 3572; x_wconf 88' lang='lat' dir='ltr'>poi</span> 
     </span>
     <span class='ocr_line' id='line_1_75' title="bbox 1684 3575 2596 3643; baseline 0.002 -17"><span class='ocrx_word' id='word_1_403' title='bbox 1684 3576 1770 3627; x_wconf 85' lang='lat' dir='ltr'>nel</span> <span class='ocrx_word' id='word_1_404' title='bbox 1807 3575 2007 3627; x_wconf 84' lang='lat' dir='ltr'>turbine</span> <span class='ocrx_word' id='word_1_405' title='bbox 2057 3576 2156 3627; x_wconf 88' lang='lat' dir='ltr'>che</span> <span class='ocrx_word' id='word_1_406' title='bbox 2201 3577 2268 3627; x_wconf 84' lang='lat' dir='ltr'>da</span> <span class='ocrx_word' id='word_1_407' title='bbox 2317 3593 2431 3628; x_wconf 84' lang='lat' dir='ltr'>esso</span> <span class='ocrx_word' id='word_1_408' title='bbox 2470 3594 2596 3643; x_wconf 90' lang='lat' dir='ltr'>pro-</span> 
     </span>
     <span class='ocr_line' id='line_1_76' title="bbox 1685 3647 2594 3715; baseline 0.001 -15"><span class='ocrx_word' id='word_1_409' title='bbox 1685 3663 1879 3714; x_wconf 87' lang='lat' dir='ltr'>rompe,</span> <span class='ocrx_word' id='word_1_410' title='bbox 1928 3647 1978 3697; x_wconf 85' lang='lat' dir='ltr'>le</span> <span class='ocrx_word' id='word_1_411' title='bbox 2031 3656 2181 3715; x_wconf 81' lang='lat' dir='ltr'>porta</span> <span class='ocrx_word' id='word_1_412' title='bbox 2235 3648 2335 3701; x_wconf 82' lang='lat' dir='ltr'>via.</span> <span class='ocrx_word' id='word_1_413' title='bbox 2395 3648 2594 3713; x_wconf 83' lang='lat' dir='ltr'>Questo</span> 
     </span>
    </p>
   </div>
  </div>
 </body>
</html>
