<?xml version="1.0" encoding="UTF-8"?>
<!DOCTYPE html PUBLIC "-//W3C//DTD XHTML 1.0 Transitional//EN"
    "http://www.w3.org/TR/xhtml1/DTD/xhtml1-transitional.dtd">
<html xmlns="http://www.w3.org/1999/xhtml" xml:lang="en" lang="en">
 <head>
  <title>
</title>
<meta http-equiv="Content-Type" content="text/html;charset=utf-8" />
  <meta name='ocr-system' content='tesseract 3.04.00' />
  <meta name='ocr-capabilities' content='ocr_page ocr_carea ocr_par ocr_line ocrx_word'/>
</head>
<body>
  <div class='ocr_page' id='page_1' title='image "./tlucreticarider05unkngoog_0181.png"; bbox 0 0 2917 4275; ppageno 0'>
   <div class='ocr_carea' id='block_1_1' title="bbox 940 332 2217 388">
    <p class='ocr_par' dir='ltr' id='par_1_1' title="bbox 940 332 2217 388">
     <span class='ocr_line' id='line_1_1' title="bbox 940 332 2217 388; baseline -0.002 0"><span class='ocrx_word' id='word_1_1' title='bbox 940 345 1025 388; x_wconf 74' lang='lat' dir='ltr'><strong>nn</strong></span> <span class='ocrx_word' id='word_1_2' title='bbox 1071 345 1287 387; x_wconf 79' lang='lat' dir='ltr'>RERUM</span> <span class='ocrx_word' id='word_1_3' title='bbox 1334 343 1615 387; x_wconf 75' lang='lat' dir='ltr'><strong>NATURA.</strong></span> <span class='ocrx_word' id='word_1_4' title='bbox 2101 332 2217 387; x_wconf 91' lang='lat'><strong>161</strong></span> 
     </span>
    </p>
   </div>
   <div class='ocr_carea' id='block_1_2' title="bbox 320 468 2239 1614">
    <p class='ocr_par' dir='ltr' id='par_1_2' title="bbox 320 468 2233 904">
     <span class='ocr_line' id='line_1_2' title="bbox 320 468 2233 549; baseline -0.002 -17"><span class='ocrx_word' id='word_1_5' title='bbox 320 471 485 532; x_wconf 86' lang='lat' dir='ltr'><strong>unde</strong></span> <span class='ocrx_word' id='word_1_6' title='bbox 529 469 693 549; x_wconf 91' lang='lat' dir='ltr'><strong>prius</strong></span> <span class='ocrx_word' id='word_1_7' title='bbox 736 469 885 529; x_wconf 92' lang='lat' dir='ltr'><strong>nulli</strong></span> <span class='ocrx_word' id='word_1_8' title='bbox 931 468 1184 529; x_wconf 85' lang='lat' dir='ltr'><strong>velarint</strong></span> <span class='ocrx_word' id='word_1_9' title='bbox 1226 479 1500 547; x_wconf 88' lang='lat' dir='ltr'><strong>tempora</strong></span> <span class='ocrx_word' id='word_1_10' title='bbox 1544 486 1780 544; x_wconf 90' lang='lat' dir='ltr'><strong>musae;</strong></span> <span class='ocrx_word' id='word_1_11' title='bbox 2106 490 2233 548; x_wconf 88' lang='lat'><strong>930</strong></span> 
     </span>
     <span class='ocr_line' id='line_1_3' title="bbox 323 556 1933 638; baseline -0.001 -19"><span class='ocrx_word' id='word_1_12' title='bbox 323 559 584 638; x_wconf 88' lang='lat' dir='ltr'><strong>primurn</strong></span> <span class='ocrx_word' id='word_1_13' title='bbox 630 560 795 636; x_wconf 91' lang='lat' dir='ltr'><strong>quod</strong></span> <span class='ocrx_word' id='word_1_14' title='bbox 828 557 1056 635; x_wconf 84' lang='lat' dir='ltr'><strong>magnis</strong></span> <span class='ocrx_word' id='word_1_15' title='bbox 1103 560 1295 618; x_wconf 88' lang='lat' dir='ltr'><strong>docco</strong></span> <span class='ocrx_word' id='word_1_16' title='bbox 1342 562 1419 618; x_wconf 91' lang='lat' dir='ltr'><strong>de</strong></span> <span class='ocrx_word' id='word_1_17' title='bbox 1465 560 1643 619; x_wconf 88' lang='lat' dir='ltr'><strong>rebus</strong></span> <span class='ocrx_word' id='word_1_18' title='bbox 1689 568 1750 618; x_wconf 88' lang='lat' dir='ltr'><strong>ct</strong></span> <span class='ocrx_word' id='word_1_19' title='bbox 1792 556 1933 618; x_wconf 85' lang='lat' dir='ltr'><strong>artis</strong></span> 
     </span>
     <span class='ocr_line' id='line_1_4' title="bbox 323 646 1963 726; baseline -0.001 -18"><span class='ocrx_word' id='word_1_20' title='bbox 323 647 681 726; x_wconf 85' lang='lat' dir='ltr'>religionum</span> <span class='ocrx_word' id='word_1_21' title='bbox 725 647 987 709; x_wconf 88' lang='lat' dir='ltr'><strong>animum</strong></span> <span class='ocrx_word' id='word_1_22' title='bbox 1034 646 1211 707; x_wconf 91' lang='lat' dir='ltr'><strong>nodis</strong></span> <span class='ocrx_word' id='word_1_23' title='bbox 1257 650 1561 708; x_wconf 86' lang='lat' dir='ltr'><strong>exsolvere</strong></span> <span class='ocrx_word' id='word_1_24' title='bbox 1608 667 1810 725; x_wconf 91' lang='lat' dir='ltr'><strong>pergo,</strong></span> <span class='ocrx_word' id='word_1_25' title='bbox 1959 718 1963 722; x_wconf 67' lang='lat'><em>,</em></span> 
     </span>
     <span class='ocr_line' id='line_1_5' title="bbox 322 736 1948 814; baseline -0.001 -17"><span class='ocrx_word' id='word_1_26' title='bbox 322 736 549 797; x_wconf 89' lang='lat' dir='ltr'><strong>deinde</strong></span> <span class='ocrx_word' id='word_1_27' title='bbox 596 738 759 814; x_wconf 87' lang='lat' dir='ltr'><strong>quod</strong></span> <span class='ocrx_word' id='word_1_28' title='bbox 806 739 1061 797; x_wconf 90' lang='lat' dir='ltr'><strong>obscura</strong></span> <span class='ocrx_word' id='word_1_29' title='bbox 1105 737 1182 795; x_wconf 88' lang='lat' dir='ltr'><strong>dc</strong></span> <span class='ocrx_word' id='word_1_30' title='bbox 1228 756 1292 796; x_wconf 92' lang='lat' dir='ltr'><strong>re</strong></span> <span class='ocrx_word' id='word_1_31' title='bbox 1337 747 1459 796; x_wconf 87' lang='lat' dir='ltr'><strong>tam</strong></span> <span class='ocrx_word' id='word_1_32' title='bbox 1504 737 1705 797; x_wconf 91' lang='lat' dir='ltr'><strong>lucida</strong></span> <span class='ocrx_word' id='word_1_33' title='bbox 1748 755 1948 814; x_wconf 86' lang='lat' dir='ltr'>pango</span> 
     </span>
     <span class='ocr_line' id='line_1_6' title="bbox 324 824 1821 904; baseline 0.001 -18"><span class='ocrx_word' id='word_1_34' title='bbox 324 825 605 900; x_wconf 82' lang='lat' dir='ltr'><strong>carmina,</strong></span> <span class='ocrx_word' id='word_1_35' title='bbox 655 845 896 884; x_wconf 88' lang='lat' dir='ltr'><strong>musaeo</strong></span> <span class='ocrx_word' id='word_1_36' title='bbox 943 824 1295 902; x_wconf 86' lang='lat' dir='ltr'><strong>contingens</strong></span> <span class='ocrx_word' id='word_1_37' title='bbox 1340 836 1554 886; x_wconf 88' lang='lat' dir='ltr'><strong>cuncta</strong></span> <span class='ocrx_word' id='word_1_38' title='bbox 1598 827 1821 904; x_wconf 89' lang='lat' dir='ltr'><strong>lepore.</strong></span> 
     </span>
    </p>

    <p class='ocr_par' dir='ltr' id='par_1_3' title="bbox 322 913 2231 1081">
     <span class='ocr_line' id='line_1_7' title="bbox 327 913 2231 994; baseline 0 -20"><span class='ocrx_word' id='word_1_39' title='bbox 327 913 391 974; x_wconf 93' lang='lat' dir='ltr'><strong>id</strong></span> <span class='ocrx_word' id='word_1_40' title='bbox 437 933 677 992; x_wconf 89' lang='lat' dir='ltr'><strong>quoque</strong></span> <span class='ocrx_word' id='word_1_41' title='bbox 723 914 882 974; x_wconf 91' lang='lat' dir='ltr'><strong>enim</strong></span> <span class='ocrx_word' id='word_1_42' title='bbox 928 934 1054 973; x_wconf 93' lang='lat' dir='ltr'><strong>non</strong></span> <span class='ocrx_word' id='word_1_43' title='bbox 1100 915 1178 973; x_wconf 88' lang='lat' dir='ltr'><strong>ab</strong></span> <span class='ocrx_word' id='word_1_44' title='bbox 1223 917 1389 974; x_wconf 91' lang='lat' dir='ltr'><strong>nulla</strong></span> <span class='ocrx_word' id='word_1_45' title='bbox 1433 913 1665 975; x_wconf 90' lang='lat' dir='ltr'><strong>ratione</strong></span> <span class='ocrx_word' id='word_1_46' title='bbox 1710 913 1972 974; x_wconf 89' lang='lat' dir='ltr'><strong>videtur:</strong></span> <span class='ocrx_word' id='word_1_47' title='bbox 2108 932 2231 994; x_wconf 82' lang='lat'><strong>935</strong></span> 
     </span>
     <span class='ocr_line' id='line_1_8' title="bbox 322 1001 1831 1081; baseline -0.001 -18"><span class='ocrx_word' id='word_1_48' title='bbox 322 1004 430 1063; x_wconf 91' lang='lat' dir='ltr'><strong>sed</strong></span> <span class='ocrx_word' id='word_1_49' title='bbox 477 1002 660 1063; x_wconf 90' lang='lat' dir='ltr'><strong>veluti</strong></span> <span class='ocrx_word' id='word_1_50' title='bbox 703 1002 903 1081; x_wconf 90' lang='lat' dir='ltr'><strong>pueris</strong></span> <span class='ocrx_word' id='word_1_51' title='bbox 946 1001 1246 1062; x_wconf 90' lang='lat' dir='ltr'><strong>absinthia</strong></span> <span class='ocrx_word' id='word_1_52' title='bbox 1288 1013 1476 1063; x_wconf 87' lang='lat' dir='ltr'><strong>taetra</strong></span> <span class='ocrx_word' id='word_1_53' title='bbox 1519 1005 1831 1062; x_wconf 88' lang='lat' dir='ltr'><strong>medentes</strong></span> 
     </span>
    </p>

    <p class='ocr_par' dir='ltr' id='par_1_4' title="bbox 321 1090 1967 1258">
     <span class='ocr_line' id='line_1_9' title="bbox 321 1090 1967 1169; baseline -0.001 -16"><span class='ocrx_word' id='word_1_54' title='bbox 321 1111 461 1153; x_wconf 90' lang='lat' dir='ltr'><strong>cum</strong></span> <span class='ocrx_word' id='word_1_55' title='bbox 509 1093 650 1152; x_wconf 90' lang='lat' dir='ltr'><strong>dare</strong></span> <span class='ocrx_word' id='word_1_56' title='bbox 697 1102 1005 1163; x_wconf 87' lang='lat' dir='ltr'><strong>conantur,</strong></span> <span class='ocrx_word' id='word_1_57' title='bbox 1056 1090 1219 1168; x_wconf 88' lang='lat' dir='ltr'><strong>prius</strong></span> <span class='ocrx_word' id='word_1_58' title='bbox 1267 1112 1414 1164; x_wconf 86' lang='lat' dir='ltr'><strong>oras,</strong></span> <span class='ocrx_word' id='word_1_59' title='bbox 1464 1093 1682 1169; x_wconf 84' lang='lat' dir='ltr'><strong>pocula</strong></span> <span class='ocrx_word' id='word_1_60' title='bbox 1725 1090 1967 1167; x_wconf 88' lang='lat' dir='ltr'><strong>circum,</strong></span> 
     </span>
     <span class='ocr_line' id='line_1_10' title="bbox 323 1179 1735 1258; baseline -0.002 -16"><span class='ocrx_word' id='word_1_61' title='bbox 323 1180 678 1258; x_wconf 87' lang='lat' dir='ltr'><strong>contingunt</strong></span> <span class='ocrx_word' id='word_1_62' title='bbox 723 1180 916 1240; x_wconf 89' lang='lat' dir='ltr'><strong>mellis</strong></span> <span class='ocrx_word' id='word_1_63' title='bbox 961 1179 1123 1239; x_wconf 91' lang='lat' dir='ltr'><strong>dulci</strong></span> <span class='ocrx_word' id='word_1_64' title='bbox 1169 1182 1443 1257; x_wconf 84' lang='lat' dir='ltr'><strong>flavoque</strong></span> <span class='ocrx_word' id='word_1_65' title='bbox 1486 1180 1735 1258; x_wconf 87' lang='lat' dir='ltr'><strong>liquore,</strong></span> 
     </span>
    </p>

    <p class='ocr_par' dir='ltr' id='par_1_5' title="bbox 324 1268 1707 1347">
     <span class='ocr_line' id='line_1_11' title="bbox 324 1268 1707 1347; baseline 0 -18"><span class='ocrx_word' id='word_1_66' title='bbox 324 1279 393 1329; x_wconf 90' lang='lat' dir='ltr'><strong>ut</strong></span> <span class='ocrx_word' id='word_1_67' title='bbox 433 1288 757 1347; x_wconf 90' lang='lat' dir='ltr'><strong>puerorum</strong></span> <span class='ocrx_word' id='word_1_68' title='bbox 803 1281 963 1329; x_wconf 89' lang='lat' dir='ltr'><strong>aetas</strong></span> <span class='ocrx_word' id='word_1_69' title='bbox 1013 1268 1328 1346; x_wconf 89' lang='lat' dir='ltr'><strong>inprovida</strong></span> <span class='ocrx_word' id='word_1_70' title='bbox 1371 1269 1707 1330; x_wconf 89' lang='lat' dir='ltr'><strong>ludificetur</strong></span> 
     </span>
    </p>

    <p class='ocr_par' dir='ltr' id='par_1_6' title="bbox 322 1357 2239 1525">
     <span class='ocr_line' id='line_1_12' title="bbox 322 1357 2239 1436; baseline 0.002 -19"><span class='ocrx_word' id='word_1_71' title='bbox 322 1360 629 1419; x_wconf 88' lang='lat' dir='ltr'><strong>labrorum</strong></span> <span class='ocrx_word' id='word_1_72' title='bbox 676 1368 869 1433; x_wconf 83' lang='lat' dir='ltr'><strong>tenuS,</strong></span> <span class='ocrx_word' id='word_1_73' title='bbox 918 1357 1144 1418; x_wconf 89' lang='lat' dir='ltr'><strong>interea</strong></span> <span class='ocrx_word' id='word_1_74' title='bbox 1188 1368 1466 1436; x_wconf 82' lang='lat' dir='ltr'><strong>perpotet</strong></span> <span class='ocrx_word' id='word_1_75' title='bbox 1510 1378 1777 1417; x_wconf 89' lang='lat' dir='ltr'><strong>amarum</strong></span> <span class='ocrx_word' id='word_1_76' title='bbox 2109 1379 2239 1435; x_wconf 91' lang='lat'><strong>940</strong></span> 
     </span>
     <span class='ocr_line' id='line_1_13' title="bbox 325 1446 1803 1525; baseline -0.001 -18"><span class='ocrx_word' id='word_1_77' title='bbox 325 1446 588 1507; x_wconf 87' lang='lat' dir='ltr'><strong>absinthi</strong></span> <span class='ocrx_word' id='word_1_78' title='bbox 633 1446 889 1520; x_wconf 89' lang='lat' dir='ltr'><strong>laticem,</strong></span> <span class='ocrx_word' id='word_1_79' title='bbox 938 1447 1307 1524; x_wconf 88' lang='lat' dir='ltr'><strong>deceptaque</strong></span> <span class='ocrx_word' id='word_1_80' title='bbox 1354 1467 1479 1506; x_wconf 91' lang='lat' dir='ltr'><strong>non</strong></span> <span class='ocrx_word' id='word_1_81' title='bbox 1522 1447 1803 1525; x_wconf 84' lang='lat' dir='ltr'><strong>capiatur,</strong></span> 
     </span>
    </p>

    <p class='ocr_par' dir='ltr' id='par_1_7' title="bbox 324 1535 1677 1614">
     <span class='ocr_line' id='line_1_14' title="bbox 324 1535 1677 1614; baseline -0.001 -18"><span class='ocrx_word' id='word_1_82' title='bbox 324 1537 432 1596; x_wconf 90' lang='lat' dir='ltr'><strong>sed</strong></span> <span class='ocrx_word' id='word_1_83' title='bbox 477 1535 680 1614; x_wconf 87' lang='lat' dir='ltr'><strong>potius</strong></span> <span class='ocrx_word' id='word_1_84' title='bbox 723 1535 826 1595; x_wconf 85' lang='lat' dir='ltr'><strong>tali</strong></span> <span class='ocrx_word' id='word_1_85' title='bbox 872 1546 1048 1613; x_wconf 90' lang='lat' dir='ltr'><strong>pacto</strong></span> <span class='ocrx_word' id='word_1_86' title='bbox 1093 1545 1356 1596; x_wconf 86' lang='lat' dir='ltr'><strong>recreata</strong></span> <span class='ocrx_word' id='word_1_87' title='bbox 1400 1538 1677 1610; x_wconf 85' lang='lat' dir='ltr'><strong>valescat,</strong></span> 
     </span>
    </p>
   </div>
   <div class='ocr_carea' id='block_1_3' title="bbox 313 1838 1227 3165">
    <p class='ocr_par' dir='ltr' id='par_1_8' title="bbox 317 1838 1227 2328">
     <span class='ocr_line' id='line_1_15' title="bbox 394 1838 1225 1906; baseline 0.001 -21"><span class='ocrx_word' id='word_1_88' title='bbox 394 1850 514 1906; x_wconf 87' lang='lat'><strong>934.</strong></span> <span class='ocrx_word' id='word_1_89' title='bbox 536 1853 742 1886; x_wconf 83' lang='lat' dir='ltr'><strong>musaeo</strong></span> <span class='ocrx_word' id='word_1_90' title='bbox 762 1838 1059 1903; x_wconf 76' lang='lat' dir='ltr'><strong>contingens</strong></span> <span class='ocrx_word' id='word_1_91' title='bbox 1073 1855 1225 1886; x_wconf 86' lang='lat' dir='ltr'><strong>cunc-</strong></span> 
     </span>
     <span class='ocr_line' id='line_1_16' title="bbox 325 1908 1227 1973; baseline -0.001 -15"><span class='ocrx_word' id='word_1_92' title='bbox 325 1917 378 1958; x_wconf 85' lang='lat' dir='ltr'><strong>ta</strong></span> <span class='ocrx_word' id='word_1_93' title='bbox 416 1910 619 1973; x_wconf 83' lang='lat' dir='ltr'><strong>lepore.-</strong></span> <span class='ocrx_word' id='word_1_94' title='bbox 675 1928 696 1951; x_wconf 73' lang='grc' dir='ltr'>ι</span> <span class='ocrx_word' id='word_1_95' title='bbox 748 1915 879 1958; x_wconf 88' lang='lat' dir='ltr'><strong>tutto</strong></span> <span class='ocrx_word' id='word_1_96' title='bbox 933 1908 1227 1957; x_wconf 86' lang='lat' dir='ltr'><strong>adornando</strong></span> 
     </span>
     <span class='ocr_line' id='line_1_17' title="bbox 323 1979 1225 2043; baseline 0 -15"><span class='ocrx_word' id='word_1_97' title='bbox 323 1979 454 2029; x_wconf 89' lang='lat' dir='ltr'><strong>colle</strong></span> <span class='ocrx_word' id='word_1_98' title='bbox 483 1980 650 2043; x_wconf 87' lang='lat' dir='ltr'><strong>grazie</strong></span> <span class='ocrx_word' id='word_1_99' title='bbox 676 1979 812 2030; x_wconf 90' lang='lat' dir='ltr'><strong>delle</strong></span> <span class='ocrx_word' id='word_1_100' title='bbox 836 1980 986 2028; x_wconf 89' lang='lat' dir='ltr'><strong>Muse</strong></span> <span class='ocrx_word' id='word_1_101' title='bbox 1017 1998 1059 2027; x_wconf 70' lang='grc' dir='ltr'><strong>ι.</strong></span> <span class='ocrx_word' id='word_1_102' title='bbox 1097 1979 1225 2028; x_wconf 88' lang='lat' dir='ltr'><strong>Con·</strong></span> 
     </span>
     <span class='ocr_line' id='line_1_18' title="bbox 320 2046 1226 2116; baseline 0.001 -17"><span class='ocrx_word' id='word_1_103' title='bbox 320 2052 517 2116; x_wconf 76' lang='lat' dir='ltr'><strong>tingere</strong></span> <span class='ocrx_word' id='word_1_104' title='bbox 552 2052 683 2114; x_wconf 83' lang='lat' dir='ltr'><strong>alqd</strong></span> <span class='ocrx_word' id='word_1_105' title='bbox 712 2051 834 2114; x_wconf 80' lang='lat' dir='ltr'><strong>alqa</strong></span> <span class='ocrx_word' id='word_1_106' title='bbox 871 2067 929 2098; x_wconf 84' lang='lat' dir='ltr'><strong>re</strong></span> <span class='ocrx_word' id='word_1_107' title='bbox 958 2046 986 2097; x_wconf 78' lang='grc' dir='ltr'>ὲ</span> <span class='ocrx_word' id='word_1_108' title='bbox 1011 2051 1226 2101; x_wconf 86' lang='lat' dir='ltr'><strong>termine</strong></span> 
     </span>
     <span class='ocr_line' id='line_1_19' title="bbox 324 2122 1220 2188; baseline 0 -17"><span class='ocrx_word' id='word_1_109' title='bbox 324 2122 522 2173; x_wconf 84' lang='lat' dir='ltr'><strong>tecnico</strong></span> <span class='ocrx_word' id='word_1_110' title='bbox 535 2137 626 2187; x_wconf 88' lang='lat' dir='ltr'><strong>per</strong></span> <span class='ocrx_word' id='word_1_111' title='bbox 649 2144 672 2167; x_wconf 76' lang='grc' dir='ltr'>ι</span> <span class='ocrx_word' id='word_1_112' title='bbox 690 2137 928 2188; x_wconf 87' lang='lat' dir='ltr'><strong>spargere</strong></span> <span class='ocrx_word' id='word_1_113' title='bbox 948 2137 1148 2187; x_wconf 85' lang='lat' dir='ltr'><strong>sopra...</strong></span> <span class='ocrx_word' id='word_1_114' title='bbox 1170 2140 1220 2183; x_wconf 79' lang='lat'><strong>»3</strong></span> 
     </span>
     <span class='ocr_line' id='line_1_20' title="bbox 319 2192 1222 2257; baseline -0.001 -15"><span class='ocrx_word' id='word_1_115' title='bbox 319 2192 427 2243; x_wconf 79' lang='lat' dir='ltr'><strong>cosi</strong></span> <span class='ocrx_word' id='word_1_116' title='bbox 448 2193 613 2251; x_wconf 79' lang='lat' dir='ltr'><strong>Ovid..</strong></span> <span class='ocrx_word' id='word_1_117' title='bbox 636 2195 760 2244; x_wconf 87' lang='lat' dir='ltr'><strong>Met.</strong></span> <span class='ocrx_word' id='word_1_118' title='bbox 783 2195 850 2252; x_wconf 85' lang='grc' dir='ltr'><strong>ΙΙ,</strong></span> <span class='ocrx_word' id='word_1_119' title='bbox 879 2205 1001 2257; x_wconf 86' lang='lat'>123:</span> <span class='ocrx_word' id='word_1_120' title='bbox 1029 2213 1052 2236; x_wconf 74' lang='grc' dir='ltr'>ι</span> <span class='ocrx_word' id='word_1_121' title='bbox 1079 2209 1222 2246; x_wconf 88' lang='lat' dir='ltr'><strong>ora...</strong></span> 
     </span>
     <span class='ocr_line' id='line_1_21' title="bbox 317 2265 983 2328; baseline 0 -15"><span class='ocrx_word' id='word_1_122' title='bbox 317 2265 648 2313; x_wconf 80' lang='lat' dir='ltr'><strong>medicamine</strong></span> <span class='ocrx_word' id='word_1_123' title='bbox 685 2265 901 2328; x_wconf 81' lang='lat' dir='ltr'><strong>contigit</strong></span> <span class='ocrx_word' id='word_1_124' title='bbox 940 2284 983 2313; x_wconf 65' lang='grc' dir='ltr'><strong>ι.</strong></span> 
     </span>
    </p>

    <p class='ocr_par' dir='ltr' id='par_1_9' title="bbox 313 2334 1226 3165">
     <span class='ocr_line' id='line_1_22' title="bbox 394 2334 1224 2398; baseline -0.001 -15"><span class='ocrx_word' id='word_1_125' title='bbox 394 2343 516 2398; x_wconf 83' lang='grc'>935.</span> <span class='ocrx_word' id='word_1_126' title='bbox 555 2350 661 2382; x_wconf 84' lang='lat' dir='ltr'><strong>non</strong></span> <span class='ocrx_word' id='word_1_127' title='bbox 698 2337 759 2383; x_wconf 85' lang='lat' dir='ltr'><strong>ab</strong></span> <span class='ocrx_word' id='word_1_128' title='bbox 796 2334 945 2382; x_wconf 84' lang='lat' dir='ltr'><strong>nulla</strong></span> <span class='ocrx_word' id='word_1_129' title='bbox 988 2336 1224 2384; x_wconf 82' lang='lat' dir='ltr'><strong>ratione:</strong></span> 
     </span>
     <span class='ocr_line' id='line_1_23' title="bbox 325 2404 1225 2468; baseline 0.004 -19"><span class='ocrx_word' id='word_1_130' title='bbox 325 2425 349 2449; x_wconf 67' lang='grc' dir='ltr'><strong><em>κ</em></strong></span> <span class='ocrx_word' id='word_1_131' title='bbox 380 2404 542 2454; x_wconf 83' lang='lat' dir='ltr'><strong>anche</strong></span> <span class='ocrx_word' id='word_1_132' title='bbox 580 2411 761 2468; x_wconf 92' lang='lat' dir='ltr'><strong>questo</strong></span> <span class='ocrx_word' id='word_1_133' title='bbox 797 2421 901 2454; x_wconf 89' lang='lat' dir='ltr'><strong>non</strong></span> <span class='ocrx_word' id='word_1_134' title='bbox 926 2406 997 2454; x_wconf 89' lang='lat' dir='ltr'><strong>mi</strong></span> <span class='ocrx_word' id='word_1_135' title='bbox 1023 2405 1225 2454; x_wconf 86' lang='lat' dir='ltr'><strong>sembra</strong></span> 
     </span>
     <span class='ocr_line' id='line_1_24' title="bbox 323 2475 1226 2540; baseline -0.001 -14"><span class='ocrx_word' id='word_1_136' title='bbox 323 2492 460 2526; x_wconf 90' lang='lat' dir='ltr'><strong>esser</strong></span> <span class='ocrx_word' id='word_1_137' title='bbox 496 2475 642 2540; x_wconf 83' lang='lat' dir='ltr'><strong>privo</strong></span> <span class='ocrx_word' id='word_1_138' title='bbox 684 2476 736 2524; x_wconf 92' lang='lat' dir='ltr'><strong>di</strong></span> <span class='ocrx_word' id='word_1_139' title='bbox 787 2477 995 2540; x_wconf 84' lang='lat' dir='ltr'><strong>ragione</strong></span> <span class='ocrx_word' id='word_1_140' title='bbox 1052 2495 1095 2525; x_wconf 70' lang='grc' dir='ltr'><strong>ι.</strong></span> <span class='ocrx_word' id='word_1_141' title='bbox 1148 2476 1226 2525; x_wconf 89' lang='lat' dir='ltr'><strong>La</strong></span> 
     </span>
     <span class='ocr_line' id='line_1_25' title="bbox 319 2546 1225 2612; baseline 0.001 -17"><span class='ocrx_word' id='word_1_142' title='bbox 319 2546 454 2596; x_wconf 86' lang='lat' dir='ltr'><strong>frase</strong></span> <span class='ocrx_word' id='word_1_143' title='bbox 491 2546 723 2611; x_wconf 90' lang='lat' dir='ltr'><strong>equivale</strong></span> <span class='ocrx_word' id='word_1_144' title='bbox 777 2548 985 2612; x_wconf 89' lang='lat' dir='ltr'><strong>dunque</strong></span> <span class='ocrx_word' id='word_1_145' title='bbox 1044 2564 1074 2595; x_wconf 89' lang='lat' dir='ltr'><strong>a</strong></span> <span class='ocrx_word' id='word_1_146' title='bbox 1120 2564 1225 2596; x_wconf 84' lang='lat' dir='ltr'><strong>non</strong></span> 
     </span>
     <span class='ocr_line' id='line_1_26' title="bbox 318 2613 1223 2681; baseline -0.001 -13"><span class='ocrx_word' id='word_1_147' title='bbox 318 2625 518 2675; x_wconf 84' lang='lat' dir='ltr'><strong>temere,</strong></span> <span class='ocrx_word' id='word_1_148' title='bbox 559 2613 671 2666; x_wconf 71' lang='lat' dir='ltr'><strong>cioe</strong></span> <span class='ocrx_word' id='word_1_149' title='bbox 707 2634 822 2667; x_wconf 85' lang='lat' dir='ltr'><strong>cum</strong></span> <span class='ocrx_word' id='word_1_150' title='bbox 859 2618 1038 2681; x_wconf 83' lang='lat' dir='ltr'><strong>aliqua</strong></span> <span class='ocrx_word' id='word_1_151' title='bbox 1063 2619 1223 2667; x_wconf 86' lang='lat' dir='ltr'><strong>ratio-</strong></span> 
     </span>
     <span class='ocr_line' id='line_1_27' title="bbox 319 2688 1223 2753; baseline 0 -16"><span class='ocrx_word' id='word_1_152' title='bbox 319 2705 397 2737; x_wconf 87' lang='lat' dir='ltr'><strong>ne.</strong></span> <span class='ocrx_word' id='word_1_153' title='bbox 433 2688 561 2737; x_wconf 85' lang='lat' dir='ltr'><strong>L’A.</strong></span> <span class='ocrx_word' id='word_1_154' title='bbox 589 2689 742 2738; x_wconf 89' lang='lat' dir='ltr'><strong>vuole</strong></span> <span class='ocrx_word' id='word_1_155' title='bbox 766 2688 1092 2753; x_wconf 86' lang='lat' dir='ltr'><strong>giustificarsi</strong></span> <span class='ocrx_word' id='word_1_156' title='bbox 1118 2689 1223 2738; x_wconf 87' lang='lat' dir='ltr'><strong>del·</strong></span> 
     </span>
     <span class='ocr_line' id='line_1_28' title="bbox 316 2760 1224 2825; baseline 0.001 -18"><span class='ocrx_word' id='word_1_157' title='bbox 316 2760 559 2825; x_wconf 88' lang='lat' dir='ltr'><strong>l&#39;esporre</strong></span> <span class='ocrx_word' id='word_1_158' title='bbox 596 2760 652 2808; x_wconf 90' lang='lat' dir='ltr'><strong>in</strong></span> <span class='ocrx_word' id='word_1_159' title='bbox 683 2760 857 2825; x_wconf 87' lang='lat' dir='ltr'><strong>poesia</strong></span> <span class='ocrx_word' id='word_1_160' title='bbox 886 2760 902 2808; x_wconf 90' lang='lat' dir='ltr'><strong>i</strong></span> <span class='ocrx_word' id='word_1_161' title='bbox 928 2760 1145 2825; x_wconf 86' lang='lat' dir='ltr'><strong>precetti</strong></span> <span class='ocrx_word' id='word_1_162' title='bbox 1171 2760 1224 2808; x_wconf 88' lang='lat' dir='ltr'><strong>di</strong></span> 
     </span>
     <span class='ocr_line' id='line_1_29' title="bbox 319 2826 1224 2895; baseline 0.001 -16"><span class='ocrx_word' id='word_1_163' title='bbox 319 2830 558 2895; x_wconf 89' lang='lat' dir='ltr'><strong>Epicuro.</strong></span> <span class='ocrx_word' id='word_1_164' title='bbox 598 2826 819 2881; x_wconf 68' lang='lat' dir='ltr'><strong>Giacche</strong></span> <span class='ocrx_word' id='word_1_165' title='bbox 857 2831 1081 2895; x_wconf 88' lang='lat' dir='ltr'><strong>Epicuro</strong></span> <span class='ocrx_word' id='word_1_166' title='bbox 1108 2832 1224 2880; x_wconf 89' lang='lat' dir='ltr'><strong>rite-</strong></span> 
     </span>
     <span class='ocr_line' id='line_1_30' title="bbox 317 2903 1218 2968; baseline 0.003 -19"><span class='ocrx_word' id='word_1_167' title='bbox 317 2917 448 2950; x_wconf 86' lang='lat' dir='ltr'><strong>neva</strong></span> <span class='ocrx_word' id='word_1_168' title='bbox 483 2903 753 2966; x_wconf 87' lang='lat' dir='ltr'><strong>pericolosi</strong></span> <span class='ocrx_word' id='word_1_169' title='bbox 793 2903 809 2950; x_wconf 91' lang='lat' dir='ltr'><strong>i</strong></span> <span class='ocrx_word' id='word_1_170' title='bbox 859 2903 1014 2967; x_wconf 85' lang='lat' dir='ltr'><strong>poeti,</strong></span> <span class='ocrx_word' id='word_1_171' title='bbox 1073 2917 1218 2968; x_wconf 87' lang='lat' dir='ltr'><strong>come</strong></span> 
     </span>
     <span class='ocr_line' id='line_1_31' title="bbox 318 2972 1220 3040; baseline 0.001 -20"><span class='ocrx_word' id='word_1_172' title='bbox 318 2972 565 3021; x_wconf 88' lang='lat' dir='ltr'><strong>turbatori</strong></span> <span class='ocrx_word' id='word_1_173' title='bbox 627 2974 680 3022; x_wconf 86' lang='lat' dir='ltr'><strong>di</strong></span> <span class='ocrx_word' id='word_1_174' title='bbox 737 2973 911 3040; x_wconf 90' lang='lat' dir='ltr'><strong>quello</strong></span> <span class='ocrx_word' id='word_1_175' title='bbox 971 2980 1107 3024; x_wconf 81' lang='lat' dir='ltr'><strong>stato</strong></span> <span class='ocrx_word' id='word_1_176' title='bbox 1166 2973 1220 3021; x_wconf 85' lang='lat' dir='ltr'><strong>di</strong></span> 
     </span>
     <span class='ocr_line' id='line_1_32' title="bbox 317 3044 1219 3109; baseline 0.002 -18"><span class='ocrx_word' id='word_1_177' title='bbox 317 3044 588 3108; x_wconf 79' lang='lat' dir='ltr'><strong>quetismO,</strong></span> <span class='ocrx_word' id='word_1_178' title='bbox 640 3045 694 3094; x_wconf 91' lang='lat' dir='ltr'><strong>in</strong></span> <span class='ocrx_word' id='word_1_179' title='bbox 742 3046 836 3094; x_wconf 89' lang='lat' dir='ltr'><strong>che</strong></span> <span class='ocrx_word' id='word_1_180' title='bbox 885 3044 988 3109; x_wconf 83' lang='lat' dir='ltr'><strong>egli</strong></span> <span class='ocrx_word' id='word_1_181' title='bbox 1045 3046 1219 3095; x_wconf 84' lang='lat' dir='ltr'><strong>faceva</strong></span> 
     </span>
     <span class='ocr_line' id='line_1_33' title="bbox 313 3112 924 3165; baseline 0.003 -3"><span class='ocrx_word' id='word_1_182' title='bbox 313 3114 592 3164; x_wconf 86' lang='lat' dir='ltr'><strong>consistere</strong></span> <span class='ocrx_word' id='word_1_183' title='bbox 629 3115 679 3165; x_wconf 89' lang='lat' dir='ltr'><strong>la</strong></span> <span class='ocrx_word' id='word_1_184' title='bbox 715 3112 924 3165; x_wconf 69' lang='lat' dir='ltr'><strong>felicita.</strong></span> 
     </span>
    </p>
   </div>
   <div class='ocr_carea' id='block_1_4' title="bbox 384 3184 1272 3250">
    <p class='ocr_par' dir='ltr' id='par_1_10' title="bbox 384 3184 1272 3250">
     <span class='ocr_line' id='line_1_34' title="bbox 384 3184 1272 3250; baseline 0.003 -18"><span class='ocrx_word' id='word_1_185' title='bbox 384 3184 635 3250; x_wconf 86' lang='lat'><strong>936-938.</strong></span> <span class='ocrx_word' id='word_1_186' title='bbox 677 3187 855 3249; x_wconf 86' lang='lat' dir='ltr'><strong>Questi</strong></span> <span class='ocrx_word' id='word_1_187' title='bbox 904 3187 1034 3237; x_wconf 88' lang='lat' dir='ltr'><strong>versi</strong></span> <span class='ocrx_word' id='word_1_188' title='bbox 1092 3202 1217 3235; x_wconf 89' lang='lat' dir='ltr'><strong>sono</strong></span> <span class='ocrx_word' id='word_1_189' title='bbox 1265 3189 1272 3194; x_wconf 83' lang='lat'><strong><em>&#39;</em></strong></span> 
     </span>
    </p>
   </div>
   <div class='ocr_carea' id='block_1_5' title="bbox 313 3255 1216 3465">
    <p class='ocr_par' dir='ltr' id='par_1_11' title="bbox 313 3255 1216 3465">
     <span class='ocr_line' id='line_1_35' title="bbox 313 3255 1215 3320; baseline 0.006 -17"><span class='ocrx_word' id='word_1_190' title='bbox 313 3255 455 3305; x_wconf 84' lang='lat' dir='ltr'><strong>citati</strong></span> <span class='ocrx_word' id='word_1_191' title='bbox 493 3256 558 3306; x_wconf 87' lang='lat' dir='ltr'><strong>da</strong></span> <span class='ocrx_word' id='word_1_192' title='bbox 584 3257 921 3320; x_wconf 83' lang='lat' dir='ltr'><strong>Quintiliano,</strong></span> <span class='ocrx_word' id='word_1_193' title='bbox 954 3259 1091 3308; x_wconf 86' lang='lat' dir='ltr'><strong>Inst.</strong></span> <span class='ocrx_word' id='word_1_194' title='bbox 1127 3258 1215 3308; x_wconf 86' lang='lat' dir='ltr'><strong>Or.</strong></span> 
     </span>
     <span class='ocr_line' id='line_1_36' title="bbox 313 3326 1214 3394; baseline 0.002 -18"><span class='ocrx_word' id='word_1_195' title='bbox 313 3326 410 3387; x_wconf 77' lang='grc' dir='ltr'><strong>ΙΙΙ,</strong></span> <span class='ocrx_word' id='word_1_196' title='bbox 453 3340 496 3387; x_wconf 88' lang='lat'><strong>1,</strong></span> <span class='ocrx_word' id='word_1_197' title='bbox 533 3342 584 3389; x_wconf 87' lang='lat'><strong>4,</strong></span> <span class='ocrx_word' id='word_1_198' title='bbox 624 3344 723 3377; x_wconf 92' lang='lat' dir='ltr'><strong>con</strong></span> <span class='ocrx_word' id='word_1_199' title='bbox 749 3329 965 3394; x_wconf 88' lang='lat' dir='ltr'><strong>qualche</strong></span> <span class='ocrx_word' id='word_1_200' title='bbox 1002 3326 1214 3390; x_wconf 66' lang='lat' dir='ltr'><strong>varieta3</strong></span> 
     </span>
     <span class='ocr_line' id='line_1_37' title="bbox 314 3397 1216 3465; baseline 0.003 -20"><span class='ocrx_word' id='word_1_201' title='bbox 314 3397 381 3445; x_wconf 90' lang='lat' dir='ltr'><strong>ad</strong></span> <span class='ocrx_word' id='word_1_202' title='bbox 412 3414 505 3448; x_wconf 88' lang='lat' dir='ltr'><strong>es.:</strong></span> <span class='ocrx_word' id='word_1_203' title='bbox 565 3400 846 3464; x_wconf 78' lang='lat' dir='ltr'><strong>adspirant</strong></span> <span class='ocrx_word' id='word_1_204' title='bbox 891 3416 983 3465; x_wconf 88' lang='lat' dir='ltr'><strong>per</strong></span> <span class='ocrx_word' id='word_1_205' title='bbox 1020 3401 1216 3450; x_wconf 77' lang='lat' dir='ltr'><strong>contin·</strong></span> 
     </span>
    </p>
   </div>
   <div class='ocr_carea' id='block_1_6' title="bbox 303 3469 1216 3603">
    <p class='ocr_par' dir='ltr' id='par_1_12' title="bbox 303 3469 1216 3603">
     <span class='ocr_line' id='line_1_38' title="bbox 303 3469 770 3533; baseline 0.004 -16"><span class='ocrx_word' id='word_1_206' title='bbox 303 3476 447 3533; x_wconf 73' lang='lat' dir='ltr'><strong>gunt</strong></span> <span class='ocrx_word' id='word_1_207' title='bbox 479 3470 529 3519; x_wconf 88' lang='lat' dir='ltr'><strong>al</strong></span> <span class='ocrx_word' id='word_1_208' title='bbox 565 3487 610 3520; x_wconf 87' lang='lat' dir='ltr'><strong>v.</strong></span> <span class='ocrx_word' id='word_1_209' title='bbox 651 3469 770 3533; x_wconf 88' lang='lat'><strong>938.</strong></span> 
     </span>
     <span class='ocr_line' id='line_1_39' title="bbox 386 3540 1216 3603; baseline 0 -14"><span class='ocrx_word' id='word_1_210' title='bbox 386 3540 507 3603; x_wconf 90' lang='lat'><strong>936.</strong></span> <span class='ocrx_word' id='word_1_211' title='bbox 543 3542 800 3590; x_wconf 80' lang='lat' dir='ltr'><strong>absinthia</strong></span> <span class='ocrx_word' id='word_1_212' title='bbox 837 3547 1007 3590; x_wconf 86' lang='lat' dir='ltr'><strong>taetra</strong></span> <span class='ocrx_word' id='word_1_213' title='bbox 1052 3560 1073 3583; x_wconf 75' lang='lat' dir='ltr'><strong>c</strong></span> <span class='ocrx_word' id='word_1_214' title='bbox 1103 3540 1216 3590; x_wconf 85' lang='lat' dir='ltr'><strong>l&#39;as-</strong></span> 
     </span>
    </p>
   </div>
   <div class='ocr_carea' id='block_1_7' title="bbox 308 3612 1217 3677">
    <p class='ocr_par' dir='ltr' id='par_1_13' title="bbox 308 3612 1217 3677">
     <span class='ocr_line' id='line_1_40' title="bbox 308 3612 1217 3677; baseline 0.002 -18"><span class='ocrx_word' id='word_1_215' title='bbox 308 3612 482 3660; x_wconf 88' lang='lat' dir='ltr'><strong>senzio</strong></span> <span class='ocrx_word' id='word_1_216' title='bbox 520 3625 693 3661; x_wconf 89' lang='lat' dir='ltr'><strong>amaro</strong></span> <span class='ocrx_word' id='word_1_217' title='bbox 725 3629 779 3674; x_wconf 77' lang='lat'><strong>»;</strong></span> <span class='ocrx_word' id='word_1_218' title='bbox 818 3612 908 3661; x_wconf 88' lang='lat' dir='ltr'><strong>cfr.</strong></span> <span class='ocrx_word' id='word_1_219' title='bbox 935 3628 1027 3677; x_wconf 90' lang='lat' dir='ltr'><strong>per</strong></span> <span class='ocrx_word' id='word_1_220' title='bbox 1058 3619 1217 3661; x_wconf 86' lang='lat' dir='ltr'><strong>taeter</strong></span> 
     </span>
    </p>
   </div>
   <div class='ocr_carea' id='block_1_8' title="bbox 206 3682 1215 3749">
    <p class='ocr_par' dir='ltr' id='par_1_14' title="bbox 206 3682 1215 3749">
     <span class='ocr_line' id='line_1_41' title="bbox 206 3682 1215 3749; baseline 0.001 -17"><span class='ocrx_word' id='word_1_221' title='bbox 206 3735 212 3740; x_wconf 64' lang='grc'>,</span> <span class='ocrx_word' id='word_1_222' title='bbox 307 3683 379 3742; x_wconf 88' lang='lat'><strong>11,</strong></span> <span class='ocrx_word' id='word_1_223' title='bbox 421 3691 539 3746; x_wconf 89' lang='lat'>510.</span> <span class='ocrx_word' id='word_1_224' title='bbox 579 3709 647 3720; x_wconf 90' lang='lat'>—</span> <span class='ocrx_word' id='word_1_225' title='bbox 686 3685 973 3733; x_wconf 84' lang='lat' dir='ltr'><strong>medentes:</strong></span> <span class='ocrx_word' id='word_1_226' title='bbox 1028 3682 1118 3749; x_wconf 88' lang='lat' dir='ltr'><strong>qui</strong></span> <span class='ocrx_word' id='word_1_227' title='bbox 1159 3683 1215 3733; x_wconf 89' lang='lat' dir='ltr'><strong>in</strong></span> 
     </span>
    </p>
   </div>
   <div class='ocr_carea' id='block_1_9' title="bbox 1325 1838 2236 3734">
    <p class='ocr_par' dir='ltr' id='par_1_15' title="bbox 1335 1838 2233 1967">
     <span class='ocr_line' id='line_1_42' title="bbox 1335 1838 2233 1888; baseline 0.001 -2"><span class='ocrx_word' id='word_1_228' title='bbox 1335 1853 1429 1887; x_wconf 90' lang='lat' dir='ltr'><strong>uso</strong></span> <span class='ocrx_word' id='word_1_229' title='bbox 1467 1838 1792 1888; x_wconf 85' lang='lat' dir='ltr'><strong>sostantivale</strong></span> <span class='ocrx_word' id='word_1_230' title='bbox 1821 1858 1842 1882; x_wconf 69' lang='lat' dir='ltr'><strong>a</strong></span> <span class='ocrx_word' id='word_1_231' title='bbox 1874 1839 2047 1887; x_wconf 90' lang='lat' dir='ltr'><strong>coloro</strong></span> <span class='ocrx_word' id='word_1_232' title='bbox 2075 1838 2168 1888; x_wconf 88' lang='lat' dir='ltr'><strong>che</strong></span> <span class='ocrx_word' id='word_1_233' title='bbox 2194 1839 2233 1887; x_wconf 92' lang='lat' dir='ltr'><strong>li</strong></span> 
     </span>
     <span class='ocr_line' id='line_1_43' title="bbox 1335 1909 1909 1967; baseline 0.005 -9"><span class='ocrx_word' id='word_1_234' title='bbox 1335 1924 1543 1967; x_wconf 88' lang='lat' dir='ltr'><strong>curan0,</strong></span> <span class='ocrx_word' id='word_1_235' title='bbox 1580 1910 1598 1957; x_wconf 91' lang='lat' dir='ltr'><strong>i</strong></span> <span class='ocrx_word' id='word_1_236' title='bbox 1640 1909 1825 1959; x_wconf 90' lang='lat' dir='ltr'><strong>medici</strong></span> <span class='ocrx_word' id='word_1_237' title='bbox 1866 1928 1909 1961; x_wconf 69' lang='grc' dir='ltr'><strong>ι.</strong></span> 
     </span>
    </p>

    <p class='ocr_par' dir='ltr' id='par_1_16' title="bbox 1334 1981 2236 2172">
     <span class='ocr_line' id='line_1_44' title="bbox 1406 1981 2236 2043; baseline 0.002 -15"><span class='ocrx_word' id='word_1_238' title='bbox 1406 1992 1527 2043; x_wconf 82' lang='lat'><strong>937.</strong></span> <span class='ocrx_word' id='word_1_239' title='bbox 1567 1996 1702 2039; x_wconf 84' lang='lat' dir='ltr'><strong>oras,</strong></span> <span class='ocrx_word' id='word_1_240' title='bbox 1754 1981 1946 2043; x_wconf 81' lang='lat' dir='ltr'><strong>pocula</strong></span> <span class='ocrx_word' id='word_1_241' title='bbox 1998 1981 2192 2029; x_wconf 86' lang='lat' dir='ltr'><em>circum</em></span> <span class='ocrx_word' id='word_1_242' title='bbox 2217 1999 2236 2031; x_wconf 93' lang='lat'><strong>.·</strong></span> 
     </span>
     <span class='ocr_line' id='line_1_45' title="bbox 1339 2050 2236 2113; baseline 0.007 -19"><span class='ocrx_word' id='word_1_243' title='bbox 1339 2070 1363 2093; x_wconf 71' lang='lat' dir='ltr'><strong>e</strong></span> <span class='ocrx_word' id='word_1_244' title='bbox 1404 2050 1480 2113; x_wconf 87' lang='lat' dir='ltr'><strong>gli</strong></span> <span class='ocrx_word' id='word_1_245' title='bbox 1517 2050 1627 2110; x_wconf 86' lang='lat' dir='ltr'><strong>orli,</strong></span> <span class='ocrx_word' id='word_1_246' title='bbox 1667 2057 1800 2099; x_wconf 85' lang='lat' dir='ltr'><strong>tutto</strong></span> <span class='ocrx_word' id='word_1_247' title='bbox 1823 2051 2102 2101; x_wconf 86' lang='lat' dir='ltr'><strong>intorno-al</strong></span> <span class='ocrx_word' id='word_1_248' title='bbox 2128 2052 2236 2100; x_wconf 85' lang='lat' dir='ltr'><strong>bic-</strong></span> 
     </span>
     <span class='ocr_line' id='line_1_46' title="bbox 1334 2121 1596 2172; baseline 0.004 -2"><span class='ocrx_word' id='word_1_249' title='bbox 1334 2121 1505 2172; x_wconf 89' lang='lat' dir='ltr'><strong>chiere</strong></span> <span class='ocrx_word' id='word_1_250' title='bbox 1554 2141 1596 2171; x_wconf 64' lang='grc' dir='ltr'><strong>ι.</strong></span> 
     </span>
    </p>

    <p class='ocr_par' dir='ltr' id='par_1_17' title="bbox 1332 2192 2236 2897">
     <span class='ocr_line' id='line_1_47' title="bbox 1406 2192 2236 2259; baseline 0.002 -18"><span class='ocrx_word' id='word_1_251' title='bbox 1406 2192 1527 2257; x_wconf 87' lang='lat'><strong>938.</strong></span> <span class='ocrx_word' id='word_1_252' title='bbox 1548 2194 1882 2259; x_wconf 80' lang='lat' dir='ltr'><strong>contingunt:</strong></span> <span class='ocrx_word' id='word_1_253' title='bbox 1904 2193 2020 2243; x_wconf 88' lang='lat' dir='ltr'><strong>vedi</strong></span> <span class='ocrx_word' id='word_1_254' title='bbox 2039 2193 2089 2242; x_wconf 86' lang='lat' dir='ltr'><strong>la</strong></span> <span class='ocrx_word' id='word_1_255' title='bbox 2114 2201 2236 2243; x_wconf 87' lang='lat' dir='ltr'><strong>nota</strong></span> 
     </span>
     <span class='ocr_line' id='line_1_48' title="bbox 1333 2264 2236 2330; baseline 0 -17"><span class='ocrx_word' id='word_1_256' title='bbox 1333 2264 1382 2313; x_wconf 86' lang='lat' dir='ltr'><strong>al</strong></span> <span class='ocrx_word' id='word_1_257' title='bbox 1421 2265 1718 2329; x_wconf 76' lang='lat' dir='ltr'><strong>contingens</strong></span> <span class='ocrx_word' id='word_1_258' title='bbox 1754 2264 1824 2330; x_wconf 78' lang='grc' dir='ltr'><strong>(ν.</strong></span> <span class='ocrx_word' id='word_1_259' title='bbox 1863 2264 2002 2329; x_wconf 88' lang='lat'><strong>934).</strong></span> <span class='ocrx_word' id='word_1_260' title='bbox 2058 2264 2236 2327; x_wconf 86' lang='lat' dir='ltr'><strong>Quelli</strong></span> 
     </span>
     <span class='ocr_line' id='line_1_49' title="bbox 1334 2336 2234 2398; baseline 0 -14"><span class='ocrx_word' id='word_1_261' title='bbox 1334 2336 1440 2394; x_wconf 89' lang='lat' dir='ltr'><strong>che,</strong></span> <span class='ocrx_word' id='word_1_262' title='bbox 1465 2336 1724 2398; x_wconf 87' lang='lat' dir='ltr'><strong>seguendo</strong></span> <span class='ocrx_word' id='word_1_263' title='bbox 1746 2337 2083 2398; x_wconf 81' lang='lat' dir='ltr'><strong>Quintilian0‚</strong></span> <span class='ocrx_word' id='word_1_264' title='bbox 2110 2337 2234 2385; x_wconf 88' lang='lat' dir='ltr'><strong>han-</strong></span> 
     </span>
     <span class='ocr_line' id='line_1_50' title="bbox 1333 2408 2236 2472; baseline 0.002 -18"><span class='ocrx_word' id='word_1_265' title='bbox 1333 2423 1400 2454; x_wconf 89' lang='lat' dir='ltr'><strong>no</strong></span> <span class='ocrx_word' id='word_1_266' title='bbox 1439 2408 1719 2470; x_wconf 83' lang='lat' dir='ltr'><strong>adspirant</strong></span> <span class='ocrx_word' id='word_1_267' title='bbox 1769 2409 2015 2472; x_wconf 88' lang='lat' dir='ltr'><strong>spiegano</strong></span> <span class='ocrx_word' id='word_1_268' title='bbox 2053 2415 2236 2471; x_wconf 91' lang='lat' dir='ltr'><strong>questo</strong></span> 
     </span>
     <span class='ocr_line' id='line_1_51' title="bbox 1332 2478 2235 2542; baseline 0.003 -18"><span class='ocrx_word' id='word_1_269' title='bbox 1332 2479 1515 2526; x_wconf 88' lang='lat' dir='ltr'><strong>verbo:</strong></span> <span class='ocrx_word' id='word_1_270' title='bbox 1562 2497 1586 2520; x_wconf 72' lang='grc' dir='ltr'><strong><em>ε</em></strong></span> <span class='ocrx_word' id='word_1_271' title='bbox 1614 2479 1765 2526; x_wconf 83' lang='lat' dir='ltr'><strong>odore</strong></span> <span class='ocrx_word' id='word_1_272' title='bbox 1790 2486 1839 2527; x_wconf 91' lang='lat' dir='ltr'><strong>et</strong></span> <span class='ocrx_word' id='word_1_273' title='bbox 1862 2487 2044 2542; x_wconf 86' lang='lat' dir='ltr'><strong>sapore</strong></span> <span class='ocrx_word' id='word_1_274' title='bbox 2072 2478 2235 2527; x_wconf 86' lang='lat' dir='ltr'><strong>mellis</strong></span> 
     </span>
     <span class='ocr_line' id='line_1_52' title="bbox 1333 2547 2233 2602; baseline -0.001 -6"><span class='ocrx_word' id='word_1_275' title='bbox 1333 2550 1557 2596; x_wconf 81' lang='lat' dir='ltr'><strong>imbuere</strong></span> <span class='ocrx_word' id='word_1_276' title='bbox 1595 2566 1638 2596; x_wconf 68' lang='grc' dir='ltr'><strong>ι.</strong></span> <span class='ocrx_word' id='word_1_277' title='bbox 1690 2549 1735 2598; x_wconf 94' lang='lat' dir='ltr'><strong>Il</strong></span> <span class='ocrx_word' id='word_1_278' title='bbox 1789 2550 2043 2602; x_wconf 82' lang='lat' dir='ltr'><strong>Lambino</strong></span> <span class='ocrx_word' id='word_1_279' title='bbox 2094 2549 2158 2596; x_wconf 92' lang='lat' dir='ltr'><strong>ed</strong></span> <span class='ocrx_word' id='word_1_280' title='bbox 2193 2547 2233 2596; x_wconf 90' lang='lat' dir='ltr'><strong>il</strong></span> 
     </span>
     <span class='ocr_line' id='line_1_53' title="bbox 1334 2616 2234 2684; baseline -0.001 -17"><span class='ocrx_word' id='word_1_281' title='bbox 1334 2617 1624 2668; x_wconf 88' lang='lat' dir='ltr'><strong>Wakefield</strong></span> <span class='ocrx_word' id='word_1_282' title='bbox 1673 2634 1952 2684; x_wconf 88' lang='lat' dir='ltr'><strong>supposero</strong></span> <span class='ocrx_word' id='word_1_283' title='bbox 2000 2616 2124 2684; x_wconf 74' lang='lat' dir='ltr'><strong>pero</strong></span> <span class='ocrx_word' id='word_1_284' title='bbox 2163 2618 2234 2667; x_wconf 89' lang='lat' dir='ltr'><strong>tal</strong></span> 
     </span>
     <span class='ocr_line' id='line_1_54' title="bbox 1333 2689 2232 2754; baseline 0 -16"><span class='ocrx_word' id='word_1_285' title='bbox 1333 2689 1531 2738; x_wconf 89' lang='lat' dir='ltr'><strong>lezione</strong></span> <span class='ocrx_word' id='word_1_286' title='bbox 1592 2697 1709 2739; x_wconf 88' lang='lat' dir='ltr'><strong>nata</strong></span> <span class='ocrx_word' id='word_1_287' title='bbox 1769 2691 1834 2739; x_wconf 92' lang='lat' dir='ltr'><strong>da</strong></span> <span class='ocrx_word' id='word_1_288' title='bbox 1897 2691 2232 2754; x_wconf 77' lang='lat' dir='ltr'><strong>adspergunt,</strong></span> 
     </span>
     <span class='ocr_line' id='line_1_55' title="bbox 1334 2761 2235 2825; baseline 0.001 -17"><span class='ocrx_word' id='word_1_289' title='bbox 1334 2761 1583 2824; x_wconf 84' lang='lat' dir='ltr'><strong>aggiunto</strong></span> <span class='ocrx_word' id='word_1_290' title='bbox 1622 2761 2042 2825; x_wconf 85' lang='lat' dir='ltr'><strong>marginalmente</strong></span> <span class='ocrx_word' id='word_1_291' title='bbox 2088 2775 2235 2809; x_wconf 88' lang='lat' dir='ltr'><strong>come</strong></span> 
     </span>
     <span class='ocr_line' id='line_1_56' title="bbox 1334 2832 2232 2897; baseline 0.001 -18"><span class='ocrx_word' id='word_1_292' title='bbox 1334 2832 1503 2895; x_wconf 90' lang='lat' dir='ltr'><strong>glossa</strong></span> <span class='ocrx_word' id='word_1_293' title='bbox 1534 2848 1564 2880; x_wconf 88' lang='lat' dir='ltr'><strong>a</strong></span> <span class='ocrx_word' id='word_1_294' title='bbox 1589 2832 1821 2897; x_wconf 83' lang='lat' dir='ltr'><strong>spiegare</strong></span> <span class='ocrx_word' id='word_1_295' title='bbox 1846 2832 1883 2881; x_wconf 91' lang='lat' dir='ltr'><strong>il</strong></span> <span class='ocrx_word' id='word_1_296' title='bbox 1909 2833 2232 2897; x_wconf 80' lang='lat' dir='ltr'><strong>contingunt.</strong></span> 
     </span>
    </p>

    <p class='ocr_par' dir='ltr' id='par_1_18' title="bbox 1326 2902 2234 3322">
     <span class='ocr_line' id='line_1_57' title="bbox 1402 2902 2230 2967; baseline 0 -16"><span class='ocrx_word' id='word_1_297' title='bbox 1402 2916 1524 2966; x_wconf 88' lang='lat'><strong>939.</strong></span> <span class='ocrx_word' id='word_1_298' title='bbox 1562 2903 1869 2967; x_wconf 83' lang='lat' dir='ltr'><strong>inprovida:</strong></span> <span class='ocrx_word' id='word_1_299' title='bbox 1909 2923 1933 2946; x_wconf 68' lang='grc' dir='ltr'><strong><em>ι</em></strong></span> <span class='ocrx_word' id='word_1_300' title='bbox 1970 2902 2230 2967; x_wconf 86' lang='lat' dir='ltr'><strong>semplice,</strong></span> 
     </span>
     <span class='ocr_line' id='line_1_58' title="bbox 1327 2973 2233 3038; baseline 0 -16"><span class='ocrx_word' id='word_1_301' title='bbox 1327 2974 1555 3037; x_wconf 89' lang='lat' dir='ltr'><strong>ingenua</strong></span> <span class='ocrx_word' id='word_1_302' title='bbox 1598 2991 1640 3023; x_wconf 71' lang='grc' dir='ltr'><strong>ι.</strong></span> <span class='ocrx_word' id='word_1_303' title='bbox 1691 3001 1753 3009; x_wconf 87' lang='lat'><strong>--</strong></span> <span class='ocrx_word' id='word_1_304' title='bbox 1793 2973 2117 3038; x_wconf 54' lang='lat' dir='ltr'><strong>indeficuum</strong></span> <span class='ocrx_word' id='word_1_305' title='bbox 2142 2988 2233 3023; x_wconf 88' lang='lat' dir='ltr'><strong>an-</strong></span> 
     </span>
     <span class='ocr_line' id='line_1_59' title="bbox 1328 3043 2233 3109; baseline 0.001 -16"><span class='ocrx_word' id='word_1_306' title='bbox 1328 3046 1421 3094; x_wconf 88' lang='lat' dir='ltr'><strong>che</strong></span> <span class='ocrx_word' id='word_1_307' title='bbox 1476 3045 1531 3092; x_wconf 87' lang='lat' dir='ltr'><strong>in</strong></span> <span class='ocrx_word' id='word_1_308' title='bbox 1581 3060 1729 3109; x_wconf 88' lang='lat' dir='ltr'><strong>prosa</strong></span> <span class='ocrx_word' id='word_1_309' title='bbox 1779 3060 1904 3093; x_wconf 90' lang='lat' dir='ltr'><strong>sono</strong></span> <span class='ocrx_word' id='word_1_310' title='bbox 1959 3043 2233 3109; x_wconf 88' lang='lat' dir='ltr'><strong>adoperate</strong></span> 
     </span>
     <span class='ocr_line' id='line_1_60' title="bbox 1327 3115 2234 3175; baseline 0 -11"><span class='ocrx_word' id='word_1_311' title='bbox 1327 3116 1376 3165; x_wconf 88' lang='lat' dir='ltr'><strong>le</strong></span> <span class='ocrx_word' id='word_1_312' title='bbox 1417 3115 1518 3165; x_wconf 86' lang='lat' dir='ltr'><strong>due</strong></span> <span class='ocrx_word' id='word_1_313' title='bbox 1556 3115 1737 3175; x_wconf 87' lang='lat' dir='ltr'><strong>forme,</strong></span> <span class='ocrx_word' id='word_1_314' title='bbox 1775 3115 1969 3164; x_wconf 86' lang='lat' dir='ltr'><strong>l&#39;attiva</strong></span> <span class='ocrx_word' id='word_1_315' title='bbox 2004 3131 2033 3165; x_wconf 89' lang='lat' dir='ltr'><strong>e</strong></span> <span class='ocrx_word' id='word_1_316' title='bbox 2070 3115 2122 3165; x_wconf 89' lang='lat' dir='ltr'><strong>la</strong></span> <span class='ocrx_word' id='word_1_317' title='bbox 2146 3115 2234 3164; x_wconf 90' lang='lat' dir='ltr'><strong>de-</strong></span> 
     </span>
     <span class='ocr_line' id='line_1_61' title="bbox 1326 3182 2232 3252; baseline 0 -16"><span class='ocrx_word' id='word_1_318' title='bbox 1326 3194 1569 3251; x_wconf 83' lang='lat' dir='ltr'><strong>ponente.</strong></span> <span class='ocrx_word' id='word_1_319' title='bbox 1608 3187 1711 3249; x_wconf 87' lang='lat' dir='ltr'><strong>Qui</strong></span> <span class='ocrx_word' id='word_1_320' title='bbox 1747 3186 1786 3235; x_wconf 89' lang='lat' dir='ltr'><strong>il</strong></span> <span class='ocrx_word' id='word_1_321' title='bbox 1822 3187 1979 3236; x_wconf 88' lang='lat' dir='ltr'><strong>verbo</strong></span> <span class='ocrx_word' id='word_1_322' title='bbox 2032 3182 2061 3234; x_wconf 76' lang='grc' dir='ltr'>ὲ</span> <span class='ocrx_word' id='word_1_323' title='bbox 2097 3186 2232 3252; x_wconf 89' lang='lat' dir='ltr'><strong>posi-</strong></span> 
     </span>
     <span class='ocr_line' id='line_1_62' title="bbox 1326 3257 2230 3322; baseline -0.002 -14"><span class='ocrx_word' id='word_1_324' title='bbox 1326 3258 1456 3308; x_wconf 82' lang='lat' dir='ltr'><strong>tivo:</strong></span> <span class='ocrx_word' id='word_1_325' title='bbox 1504 3277 1528 3300; x_wconf 70' lang='grc' dir='ltr'><strong><em>ε</em></strong></span> <span class='ocrx_word' id='word_1_326' title='bbox 1569 3257 1644 3307; x_wconf 89' lang='lat' dir='ltr'><strong>sia</strong></span> <span class='ocrx_word' id='word_1_327' title='bbox 1673 3264 1822 3307; x_wconf 89' lang='lat' dir='ltr'><strong>tratta</strong></span> <span class='ocrx_word' id='word_1_328' title='bbox 1846 3258 1900 3307; x_wconf 90' lang='lat' dir='ltr'><strong>in</strong></span> <span class='ocrx_word' id='word_1_329' title='bbox 1925 3260 2154 3322; x_wconf 90' lang='lat' dir='ltr'><strong>inganno</strong></span> <span class='ocrx_word' id='word_1_330' title='bbox 2187 3275 2230 3306; x_wconf 71' lang='grc' dir='ltr'><strong>ι.</strong></span> 
     </span>
    </p>

    <p class='ocr_par' dir='ltr' id='par_1_19' title="bbox 1325 3328 2232 3734">
     <span class='ocr_line' id='line_1_63' title="bbox 1397 3328 2232 3397; baseline -0.001 -20"><span class='ocrx_word' id='word_1_331' title='bbox 1397 3341 1519 3391; x_wconf 88' lang='lat'><strong>942.</strong></span> <span class='ocrx_word' id='word_1_332' title='bbox 1559 3329 1658 3378; x_wconf 85' lang='lat' dir='ltr'><strong>tali</strong></span> <span class='ocrx_word' id='word_1_333' title='bbox 1681 3336 1835 3393; x_wconf 84' lang='lat' dir='ltr'><strong>pacto</strong></span> <span class='ocrx_word' id='word_1_334' title='bbox 1876 3349 1900 3373; x_wconf 69' lang='grc' dir='ltr'><strong><em>κ</em></strong></span> <span class='ocrx_word' id='word_1_335' title='bbox 1931 3329 1988 3378; x_wconf 90' lang='lat' dir='ltr'><strong>in</strong></span> <span class='ocrx_word' id='word_1_336' title='bbox 2025 3328 2098 3397; x_wconf 69' lang='lat' dir='ltr'><strong>tal</strong></span> <span class='ocrx_word' id='word_1_337' title='bbox 2122 3344 2232 3377; x_wconf 90' lang='lat' dir='ltr'><strong>mo-</strong></span> 
     </span>
     <span class='ocr_line' id='line_1_64' title="bbox 1325 3399 2231 3464; baseline 0.001 -17"><span class='ocrx_word' id='word_1_338' title='bbox 1325 3400 1407 3459; x_wconf 90' lang='lat' dir='ltr'><strong>do,</strong></span> <span class='ocrx_word' id='word_1_339' title='bbox 1447 3400 1502 3448; x_wconf 86' lang='lat' dir='ltr'><strong>in</strong></span> <span class='ocrx_word' id='word_1_340' title='bbox 1539 3400 1724 3448; x_wconf 84' lang='lat' dir='ltr'><strong>siffatta</strong></span> <span class='ocrx_word' id='word_1_341' title='bbox 1774 3401 1922 3464; x_wconf 86' lang='lat' dir='ltr'><strong>guisa</strong></span> <span class='ocrx_word' id='word_1_342' title='bbox 1962 3419 2008 3451; x_wconf 72' lang='lat'><strong>³.</strong></span> <span class='ocrx_word' id='word_1_343' title='bbox 2064 3400 2108 3449; x_wconf 91' lang='grc' dir='ltr'><strong>Ε</strong></span> <span class='ocrx_word' id='word_1_344' title='bbox 2157 3399 2231 3448; x_wconf 89' lang='lat' dir='ltr'><strong>le-</strong></span> 
     </span>
     <span class='ocr_line' id='line_1_65' title="bbox 1325 3469 2228 3534; baseline 0 -16"><span class='ocrx_word' id='word_1_345' title='bbox 1325 3471 1471 3520; x_wconf 86' lang='lat' dir='ltr'><strong>zione</strong></span> <span class='ocrx_word' id='word_1_346' title='bbox 1508 3472 1873 3534; x_wconf 87' lang='lat' dir='ltr'><strong>congetturale,</strong></span> <span class='ocrx_word' id='word_1_347' title='bbox 1915 3469 2169 3521; x_wconf 86' lang='lat' dir='ltr'><strong>sostituita</strong></span> <span class='ocrx_word' id='word_1_348' title='bbox 2196 3484 2228 3518; x_wconf 78' lang='lat' dir='ltr'><strong>a</strong></span> 
     </span>
     <span class='ocr_line' id='line_1_66' title="bbox 1325 3539 2232 3606; baseline -0.002 -16"><span class='ocrx_word' id='word_1_349' title='bbox 1325 3543 1424 3590; x_wconf 85' lang='lat' dir='ltr'><strong>tali</strong></span> <span class='ocrx_word' id='word_1_350' title='bbox 1452 3541 1606 3606; x_wconf 83' lang='lat' dir='ltr'><strong>facto</strong></span> <span class='ocrx_word' id='word_1_351' title='bbox 1663 3556 1694 3589; x_wconf 94' lang='lat' dir='ltr'><strong>o</strong></span> <span class='ocrx_word' id='word_1_352' title='bbox 1749 3543 1848 3591; x_wconf 79' lang='lat' dir='ltr'><strong>tali</strong></span> <span class='ocrx_word' id='word_1_353' title='bbox 1895 3548 2092 3591; x_wconf 81' lang='lat' dir='ltr'><strong>attactu</strong></span> <span class='ocrx_word' id='word_1_354' title='bbox 2147 3539 2232 3590; x_wconf 90' lang='lat' dir='ltr'><strong>dei</strong></span> 
     </span>
     <span class='ocr_line' id='line_1_67' title="bbox 1326 3610 2226 3677; baseline 0 -17"><span class='ocrx_word' id='word_1_355' title='bbox 1326 3628 1474 3661; x_wconf 87' lang='lat' dir='ltr'><strong>mser.</strong></span> <span class='ocrx_word' id='word_1_356' title='bbox 1514 3611 1578 3663; x_wconf 92' lang='lat' dir='ltr'><strong>V.</strong></span> <span class='ocrx_word' id='word_1_357' title='bbox 1616 3611 1655 3660; x_wconf 90' lang='lat' dir='ltr'><strong>il</strong></span> <span class='ocrx_word' id='word_1_358' title='bbox 1691 3611 2002 3673; x_wconf 86' lang='lat' dir='ltr'><strong>Lachmann,</strong></span> <span class='ocrx_word' id='word_1_359' title='bbox 2043 3628 2074 3660; x_wconf 89' lang='lat' dir='ltr'><strong>a</strong></span> <span class='ocrx_word' id='word_1_360' title='bbox 2110 3628 2159 3677; x_wconf 92' lang='lat' dir='ltr'><strong>q.</strong></span> <span class='ocrx_word' id='word_1_361' title='bbox 2191 3610 2226 3660; x_wconf 92' lang='lat' dir='ltr'><strong>l.</strong></span> 
     </span>
     <span class='ocr_line' id='line_1_68' title="bbox 1326 3678 2229 3734; baseline 0.001 -3"><span class='ocrx_word' id='word_1_362' title='bbox 1326 3684 1402 3732; x_wconf 86' lang='lat' dir='ltr'><strong>ov’</strong></span> <span class='ocrx_word' id='word_1_363' title='bbox 1421 3678 1449 3731; x_wconf 79' lang='grc' dir='ltr'>ὲ</span> <span class='ocrx_word' id='word_1_364' title='bbox 1488 3685 1810 3734; x_wconf 84' lang='lat' dir='ltr'><strong>un&#39;accurata</strong></span> <span class='ocrx_word' id='word_1_365' title='bbox 1847 3682 2096 3733; x_wconf 89' lang='lat' dir='ltr'><strong>disamina</strong></span> <span class='ocrx_word' id='word_1_366' title='bbox 2119 3682 2229 3733; x_wconf 90' lang='lat' dir='ltr'><strong>del-</strong></span> 
     </span>
    </p>
   </div>
   <div class='ocr_carea' id='block_1_10' title="bbox 1838 3801 1972 3860">
    <p class='ocr_par' dir='ltr' id='par_1_20' title="bbox 1838 3801 1972 3860">
     <span class='ocr_line' id='line_1_69' title="bbox 1838 3801 1972 3860; baseline 0.022 -3"><span class='ocrx_word' id='word_1_367' title='bbox 1838 3801 1972 3860; x_wconf 78' lang='grc' dir='ltr'><strong>ἰι</strong></span> 
     </span>
    </p>
   </div>
   <div class='ocr_carea' id='block_1_11' title="bbox 2494 4155 2545 4260">
    <p class='ocr_par' dir='ltr' id='par_1_21' title="bbox 2494 4155 2545 4260">
     <span class='ocr_line' id='line_1_70' title="bbox 2494 4205 2521 4260; textangle 90"><span class='ocrx_word' id='word_1_368' title='bbox 2494 4235 2521 4260; x_wconf 25' lang='lat' dir='ltr'><strong>if?</strong></span> <span class='ocrx_word' id='word_1_369' title='bbox 2502 4205 2519 4222; x_wconf 52' lang='grc' dir='ltr'><strong>Υ</strong></span> 
     </span>
     <span class='ocr_line' id='line_1_71' title="bbox 2520 4155 2545 4254; textangle 90"><span class='ocrx_word' id='word_1_370' title='bbox 2520 4193 2545 4254; x_wconf 58' lang='lat'>2:22:</span> <span class='ocrx_word' id='word_1_371' title='bbox 2528 4171 2545 4190; x_wconf 54' lang='lat' dir='ltr'><strong>1ss</strong></span> <span class='ocrx_word' id='word_1_372' title='bbox 2534 4155 2541 4156; x_wconf 56' lang='lat'>1</span> 
     </span>
    </p>
   </div>
  </div>
 </body>
</html>
