2917 4275
889 324 975 368 nn
1021 325 1239 370 amum
1283 327 1564 381 zen-m.
2111 317 2191 394 65

282 455 446 514 unde
490 452 595 514 alit
636 463 818 532 atque
862 427 1039 534 ⁴auget
1080 453 1405 533 generatim
1450 457 1674 536 pabula
1718 457 2063 536 praebens?

282 544 447 605 unde
494 562 655 603 mare
699 542 945 622 ingenui
989 545 1185 605 fontes
1228 555 1591 624 externaque
1635 548 1814 624 longe

2069 567 2193 625 230
2239 567 2245 576 ·

282 617 530 693 flumina
576 632 999 712 suppeditant?
1064 635 1227 694 unde
1272 637 1478 696 aether
1523 635 1717 696 sidera
1759 633 1997 714 pascit?

283 720 489 783 omnia
532 719 693 781 enim
737 722 937 795 debet,
988 723 1222 784 mortali
1266 742 1516 804 corpore
1570 743 1724 802 quae
1771 733 1928 800 sunt,

280 808 513 871 infinita
542 820 704 870 aetas
748 831 1105 890 consumpse
1148 822 1288 873 ante
1334 825 1468 876 acta
1519 813 1787 891 diesque.

282 900 451 978 quod
497 898 547 960 si
591 898 653 958 in
700 919 773 960 eo
821 900 1010 978 spatio
1056 911 1235 979 atque
1283 913 1421 964 ante
1467 913 1599 964 acta
1643 913 1834 964 aetate
1883 904 2046 965 fuere

286 1007 321 1048 e
369 987 589 1066 quibus
632 991 783 1050 haec
826 1009 1024 1051 rerum
1070 990 1339 1053 consistit
1383 1011 1615 1053 summa
1657 994 1896 1068 refecta,

2070 1007 2190 1070 235

284 1076 609 1169 immortaij
653 1088 794 1139 sunt
837 1089 1050 1139 natura
1092 1081 1363 1158 praedita
1410 1091 1589 1144 certe.

283 1326 406 1385 mio,
430 1343 510 1380 vv.
538 1338 729 1390 20-23;
758 1342 789 1377 e
812 1325 919 1378 cosi
944 1343 1069 1394 pure
1094 1345 1187 1394 per

285 1397 325 1447 il
361 1398 574 1447 daedala
612 1399 778 1457 tellus,
818 1400 907 1449 cfr.
948 1417 993 1449 v.
1034 1409 1082 1462 7.

358 1480 478 1533 230.
517 1469 583 1519 11·
608 1485 749 1520 mare
785 1468 813 1520 ὲ
862 1471 1095 1540 rifornito
1132 1472 1185 1522 di

284 1555 447 1604 acqua
476 1541 893 1591 continuamente
930 1542 1067 1592 dalle
1091 1559 1181 1594 sue

282 1611 488 1676 proprie
526 1612 655 1662 fonti
694 1629 722 1662 e
765 1613 849 1662 dai
887 1613 1029 1663 fiumi
1066 1614 1177 1663 lon·

282 1684 406 1731 tani.
451 1683 553 1732 Nel
589 1684 664 1734 VI
707 1684 839 1734 libro
884 1700 1111 1734 accenna
1149 1702 1178 1734 a

282 1752 461 1803 coloro
500 1754 596 1804 che
620 1755 664 1804 si
690 1756 1059 1820 meravigliano
1085 1756 1180 1807 che

281 1826 334 1875 la
365 1832 547 1875 natura
571 1842 676 1874 non
702 1827 860 1876 tenda
886 1829 1117 1892 maggior
1143 1829 1181 1878 il

282 1911 438 1956 mare,
474 1912 574 1960 quo
610 1897 681 1945 sit
728 1903 905 1948 tantus
940 1900 1181 1948 decursus

281 1983 539 2032 aquarum
588 1965 769 2034 (609);
809 1979 847 2019 ‘e
884 1978 1063 2035 questo
1101 1971 1182 2019 de-

280 2053 467 2088 cursus
479 2055 735 2102 aquarum
751 2042 1031 2091 determina
1046 2039 1177 2092 cosi:

288 2128 311 2154 e
356 2109 542 2160 Omnia
566 2127 665 2176 quo
700 2112 912 2162 veniant
945 2127 1007 2161 ex
1044 2113 1185 2163 omni

263 2180 500 2245 flumina
563 2190 719 2246 parte
735 2200 759 2240 ,·
825 2185 968 2233 Adde
1026 2200 1182 2248 vagos

279 2252 459 2301 imbris
494 2260 898 2319 tempestatesque
932 2256 1179 2316 volantes,

289 2324 475 2373 Omnia
525 2341 654 2389 quae
689 2328 858 2375 maria
904 2343 963 2375 ac
1011 2333 1181 2377 terras

280 2402 634 2461 sparguntque
705 2398 977 2462 rigantque
1039 2398 1181 2448 Adde

280 2483 398 2516 suos
418 2464 597 2527 fontis
628 2487 670 2517 ι.
702 2495 764 2505 —-
792 2470 1000 2534 Quanto
1038 2487 1068 2519 a
1104 2470 1181 2519 in-

273 2552 480 2602 genuus
504 2556 595 2605 per
634 2538 867 2603 ‘nativ0‚'
908 2542 997 2592 cfr.
1026 2544 1179 2607 Prop.

280 2608 321 2672 1,
361 2623 411 2672 4,
461 2622 523 2673 13
575 2630 598 2653 ο
640 2611 894 2675 ingenuus
945 2613 1082 2661 color
1126 2627 1182 2671 »ς

281 2680 482 2744 Plauto,
524 2682 636 2731 ml.
685 2684 758 2746 gl.
813 2684 908 2746 111,
973 2698 1014 2744 1,
1072 2681 1178 2748 38;

282 2752 499 2803 Gioven.
538 2752 631 2812 111,
672 2766 754 2804 20.
792 2755 893 2805 Nel
939 2772 1087 2821 passo
1126 2757 1179 2806 di

278 2825 569 2895 PropesziO,
597 2824 939 2889 piuttostoche
967 2827 1021 2876 di
1060 2829 1177 2876 ‘na-

282 2894 385 2944 tivo
436 2895 633 2945 colore’
696 2893 798 2961 puo
859 2899 1075 2949 trattarsi
1127 2898 1181 2948 di

283 2964 561 3019 ‘candem'

351 3049 474 3099 231.
532 3038 705 3087 aether
759 3039 928 3089 sidera
978 3040 1207 3105 pascit:-

198 3146 213 3163 .
280 3117 458 3173 questa
495 3110 680 3175 ipotesi
716 3110 953 3176 epicurea
976 3110 1005 3161 e
1032 3128 1180 3177 presa

281 3179 348 3229 da
374 3181 717 3247 Empedocle.
756 3181 967 3232 L’etere
1003 3191 1181 3233 conte·

281 3266 412 3301 neva
448 3252 467 3301 i
515 3252 689 3302 suochi
733 3253 924 3313 celesti,
974 3255 991 3303 i
1040 3255 1178 3320 quali

282 3323 551 3374 andavano
624 3324 689 3372 ad
744 3324 1045 3375 alimentare
1104 3326 1180 3390 gli

282 3394 417 3457 astri,
469 3410 501 3446 o
538 3391 642 3460 piu
692 3397 1069 3462 propriamente
1106 3396 1178 3461 gli

282 3466 401 3515 astri
436 3481 544 3516 non
580 3481 736 3517 erano
776 3483 831 3517 se
874 3483 981 3517 non
1016 3466 1176 3532 corpi,

281 3536 361 3585 sui
396 3536 536 3602 quali
560 3538 604 3587 si
624 3538 941 3588 riflettevano
962 3540 980 3588 i
1005 3538 1179 3588 suochi

281 3607 464 3666 eterei;
503 3608 591 3658 cfr.
638 3625 711 3673 ps.
759 3610 909 3672 Plut„
948 3610 1177 3658 Stroma-

282 3684 403 3727 teon
413 3678 567 3744 frag.
594 3676 691 3744 (·-··-
712 3681 911 3741 Diels,
949 3682 1174 3747 Doxogr.

1291 1345 1342 1395 p.
1384 1325 1544 1394 582):
1582 1323 1615 1376 ὅ
1650 1320 1709 1376 δὲ
1743 1321 1889 1390 ἥλιος
1915 1319 2011 1390 τὴν
2035 1321 2195 1390 φύσιν

1291 1395 1393 1449 οὐκ
1432 1395 1538 1448 ἔστι
1573 1400 1699 1461 πῦρ,
1733 1392 1862 1447 ἀλλὰ
1896 1399 1986 1446 τοῦ
2027 1394 2194 1460 πυρός

1292 1465 1686 1527 ἆντανάκλασις,
1701 1465 1855 1532 ὁμοία
1877 1472 1939 1534 τῇ
1959 1463 2057 1532 ἀφ’
2071 1465 2195 1518 &da-

1289 1558 1375 1597 τος
1410 1537 1671 1606 γινομένη.
1709 1543 1772 1591 In
1816 1542 1878 1600 V,
1929 1549 2031 1604 522
2086 1541 2190 1591 Lu·

1287 1615 1451 1664 crezio
1479 1621 1762 1662 rammenta
1788 1611 1820 1661 l·
1840 1612 2025 1677 ipotesi
2051 1609 2183 1661 cosi:

1292 1704 1316 1728 e
1333 1685 1436 1749 ipsi
1459 1685 1599 1748 ignes
1617 1691 1819 1747 serpere
1836 1689 2061 1746 possunt
2083 1683 2194 1744 Quo

1286 1757 1528 1820 cuiusque
1563 1755 1704 1803 cibus
1737 1761 1887 1803 vocat
1919 1760 2071 1818 atque
2108 1753 2193 1802 in-

1264 1830 1420 1877 'vitat
1453 1826 1642 1884 euntis,
1675 1825 1936 1874 Flammea
1963 1832 2062 1888 per
2087 1841 2192 1875 cae-

1287 1899 1391 1948 lum
1410 1897 1665 1962 pascentis
1691 1902 1908 1960 corpora
1926 1897 2120 1959 passim
2143 1913 2190 1946 t.

1359 1983 1478 2034 233.
1515 1969 1724 2034 infinita
1749 1972 1937 2017 aetas...
1963 1969 2193 2032 diesque:

1285 2041 1599 2091 ridendanza
1621 2039 1908 2089 lucreziana
1923 2056 1937 2099 ς
1955 2055 2040 2088 ma
2063 2039 2192 2088 mol·

1286 2121 1340 2164 to
1378 2113 1642 2177 maggiore
1696 2109 1724 2161 ὲ
1775 2110 1944 2176 quella
1995 2111 2050 2161 in
2088 2118 2190 2176 557

1284 2201 1360 2250 sg.
1404 2204 1429 2227 c
1475 2184 1625 2247 longa
1665 2182 1766 2231 diei
1801 2179 2022 2243 Infinita
2057 2188 2196 2231 aetas

1286 2256 1510 2305 anteacti
1545 2253 1782 2318 temporis
1821 2254 1985 2303 omnis
2024 2270 2070 2300 ι.
2123 2278 2192 2290 ·-

1286 2333 1581 2389 consumpse
1652 2344 1723 2365 =
1809 2325 2192 2387 consumpsisse.

1286 2398 1449 2447 Debet
1470 2396 1840 2461 consumpsisse
1859 2412 1875 2445 .·
1916 2415 1940 2440 ι
1975 2397 2192 2446 avi-ebbe

1288 2470 1478 2520 dovuto
1515 2466 1602 2534 gio.
1651 2483 1950 2518 consumare
1991 2486 2035 2518 υ.
2087 2468 2192 2518 cfr.

1286 2541 1598 2604 consumpsti
1632 2538 1686 2589 in
1725 2542 1876 2605 Prop.
1917 2540 1957 2597 Ι,
1997 2550 2048 2603 3,
2085 2548 2171 2602 37.

1360 2612 1478 2677 236.
1518 2610 1847 2660 immortali...
1888 2616 2118 2659 natura:
2153 2608 2192 2659 il

1287 2685 1678 2749 ragionamento
1734 2678 1792 2738 e:
1848 2681 1967 2732 nell’
1990 2678 2192 2732 infiniti

1287 2756 1372 2805 del
1410 2765 1583 2819 tempo
1622 2763 1825 2819 passato
1880 2753 1932 2802 la
1979 2751 2192 2802 materia

1286 2843 1393 2878 non
1436 2826 1474 2877 s'
1499 2824 1528 2874 ὲ
1573 2826 1838 2887 distrutta;
1883 2840 1938 2873 se
1974 2824 2017 2874 si
2058 2823 2194 2873 fosse

1286 2899 1518 2949 distrutta
1536 2899 1671 2948 onde
1693 2896 1968 2946 avrebbero
1989 2910 2138 2960 preso
2155 2895 2193 2945 il

1282 2970 1397 3020 loro
1418 2970 1663 3019 alimento
1679 2968 1714 3017 il
1739 2981 1873 3016 mare
1893 2982 1921 3016 e
1942 2966 1990 3018 le
2009 2965 2187 3015 stelle?

1287 3043 1511 3106 Dunque
1549 3040 1602 3089 la
1641 3039 1852 3089 materia
1889 3037 1985 3105 che
2010 3054 2070 3087 or
2106 3052 2192 3087 co-

1285 3112 1514 3162 stituisce
1549 3111 1582 3161 l’
1593 3111 1843 3169 universe,
1876 3110 1924 3159 ci
1949 3110 2004 3160 fu
2029 3108 2194 3159 anche

1290 3183 1451 3234 allora
1489 3200 1519 3233 e
1557 3182 1826 3234 costituiva
1863 3181 1978 3232 altri
2027 3181 2187 3246 corpi-

1286 3255 1499 3305 Deduce
1561 3254 1652 3320 poi
1720 3261 1918 3318 troppo,
1979 3252 2191 3317 rispetto

1288 3326 1389 3375 alle
1463 3341 1733 3388 premesse,
1796 3324 1879 3373 col
1940 3324 2188 3373 dedurre:

1286 3398 1492 3463 dunque
1546 3396 1719 3463 quella
1775 3395 1990 3445 materia
2029 3390 2058 3442 ὲ
2096 3394 2189 3443 im-

1287 3468 1532 3531 mortale3
1577 3484 1659 3517 ma
1699 3466 1727 3516 ὲ
1765 3468 1830 3517 da
1867 3466 2191 3517 considerare

1287 3536 1411 3605 pero
1467 3540 1563 3589 che
1619 3539 1723 3604 egli
1778 3539 1847 3588 ha
1901 3538 2099 3603 pai-lato
2135 3534 2190 3584 di

1282 3608 1389 3661 ¹una
1425 3610 1629 3675 infinita
1667 3608 1749 3661 eth.
1785 3616 2002 3675 passata,
2036 3623 2064 3656 e
2091 3605 2189 3655 che

1285 3684 1467 3749 quindi
1527 3681 1565 3732 il
1629 3682 2018 3747 regionamento
2081 3673 2189 3744 puo

1907 3813 1938 3871 5
