2917 4275
692 316 813 377 170

1367 316 1429 358 Τ.
1479 316 1741 358 LUCRETI
1788 315 1932 356 CAR1

683 462 824 502 nam
872 442 1138 520 dispulsa
1184 461 1291 501 suo
1339 442 1416 500 de
1464 450 1641 502 coetu
1686 438 1949 501 materiai

692 530 868 609 copia
916 533 1162 591 ferretur
1206 548 1492 608 magnum
1539 548 1646 606 per
1692 528 1868 588 inane
1915 531 2123 602 soluta,

696 620 820 681 sive
865 622 1021 680 adeo
1066 619 1264 698 potius
1312 637 1639 694 numquam
1686 629 1964 679 concreta
2007 628 2262 679 creasset

696 712 877 769 ullam
930 729 1074 781 rem,
1126 708 1408 785 quoniam
1454 706 1587 784 cogi
1633 706 1878 767 disiecta
1925 707 2242 783 nequisset.

2345 736 2347 739 ’
2435 728 2607 768 1020

692 818 835 858 nam
884 808 1042 859 certe
1091 817 1289 874 neque
1336 795 1584 857 consilio
1629 795 1956 873 primordia
1998 816 2196 856 rerum

700 888 914 948 ordine
962 907 1023 946 se
1059 906 1167 947 suo
1215 905 1488 964 quaeque
1533 884 1726 963 sagaci
1771 895 1972 945 mente
2015 888 2288 946 locarunt

700 996 813 1037 nec
862 996 1011 1054 quos
1060 994 1332 1052 quaeque
1380 976 1593 1033 darent
1634 985 1834 1034 motus
1863 973 2144 1052 pepigere
2189 976 2476 1052 profectO,

702 1067 809 1126 sed
856 1065 995 1142 quia
1040 1067 1229 1124 multa
1272 1064 1470 1123 modis
1515 1062 1717 1123 multis
1761 1072 1988 1125 mutata
2030 1083 2138 1141 per
2182 1083 2362 1123 omne

686 1383 764 1447 gli
788 1383 872 1432 dei
910 1383 962 1431 di
999 1383 1223 1448 Epicuro
1249 1397 1404 1431 erano
1440 1383 1590 1431 costi·

689 1454 801 1503 tuiti
850 1454 903 1502 di
952 1455 1124 1517 atomi,
1176 1469 1323 1503 come
1375 1460 1505 1503 tutte
1542 1454 1592 1504 le

685 1524 815 1573 altre
859 1541 991 1575 cose.
1048 1525 1256 1587 Quanto
1306 1525 1356 1573 al
1411 1532 1592 1574 sancta

685 1595 802 1648 vedi
838 1596 983 1661 Epic.
1023 1612 1099 1660 pr.
1136 1595 1290 1659 Diog.
1330 1596 1393 1647 L.
1430 1595 1495 1654 X,
1525 1605 1588 1658 77

684 1661 817 1715 ἀλλὰ
851 1670 956 1715 πᾶν
994 1664 1051 1715 τὸ
1099 1664 1349 1729 σέμνωμα
1400 1670 1590 1730 τηρεῖν,

689 1738 831 1787 detto
866 1745 1098 1802 appunto
1135 1737 1275 1800 degli
1312 1738 1411 1787 dei.

766 1808 1010 1870 1017-18.
1049 1809 1114 1858 Se
1146 1808 1194 1857 13
1221 1808 1430 1858 materia
1455 1808 1592 1858 fosse

689 1878 847 1938 finita,
869 1880 913 1929 si
932 1880 1327 1951 disperderebbe
1348 1879 1403 1928 in
1422 1895 1592 1929 mezzo

685 1950 735 1999 al
772 1958 927 2000 vuoto
969 1952 1237 2001 immenso.
1281 1952 1325 2001 E
1352 1951 1592 2016 quelche

684 2021 800 2072 dice
837 2022 1079 2087 Epicuro,
1119 2039 1195 2088 pr.
1233 2023 1388 2087 Diog.
1427 2023 1488 2071 L.
1525 2022 1588 2086 X,

683 2106 778 2154 42:
830 2091 885 2143 εἴ
912 2110 965 2143 τε
1000 2090 1099 2159 γὰρ
1137 2090 1204 2158 ἤν
1241 2090 1298 2143 τὸ
1340 2090 1495 2145 κενὸν
1533 2090 1591 2143 ἅ-

682 2181 881 2229 πειρον,
902 2162 963 2214 τά
984 2162 1042 2214 δὲ
1062 2162 1279 2228 σώματα
1303 2162 1589 2230 ὡρισμένα,

683 2231 925 2299 οὐδαμοῦ
964 2232 1029 2285 ἄν
1065 2234 1211 2301 ἔμενε
1248 2232 1310 2286 τὰ
1355 2233 1590 2298 σώματα.

684 2303 799 2356 ἀλλ’
838 2303 1056 2371 ἐφέρετο
1098 2304 1234 2358 κατὰ
1271 2303 1328 2356 τὸ
1374 2304 1590 2371 ἄπειρον

682 2373 839 2426 κενὸν
876 2375 1243 2443 διεσπαρμένα,
1277 2375 1378 2428 οὐκ
1405 2376 1590 2442 ἔχοντα

682 2444 744 2499 τὰ
788 2445 1126 2512 ὓπερείδοντα
1170 2446 1263 2500 καὶ
1320 2446 1591 2500 στέλλοντα

682 2515 821 2570 κατὰ
870 2518 960 2576 τὰς
1009 2518 1294 2577 ἀνακοπάς.
1348 2522 1411 2571 V.
1463 2537 1591 2586 pure

680 2592 737 2642 in
775 2592 987 2654 Usener,
1032 2596 1307 2658 Epicurea,
1336 2594 1353 2642 i
1388 2593 1587 2643 framm.

685 2664 803 2726 267,
847 2665 966 2728 269,
1009 2674 1128 2729 295,
1169 2665 1286 2726 296,
1329 2675 1449 2729 352.
1483 2664 1589 2712 Lu-

682 2736 847 2785 crezio
890 2736 1081 2785 ritorna
1130 2752 1159 2785 3
1208 2743 1391 2801 questo
1442 2751 1588 2798 argo-

685 2816 861 2855 mento
897 2808 952 2857 in
991 2808 1056 2867 11,
1109 2806 1236 2872 560:
1301 2827 1325 2850 e
1371 2806 1455 2856 Sic
1494 2806 1588 2855 tibi

682 2877 726 2925 si
764 2876 909 2927 finita
938 2878 1099 2928 semel
1124 2877 1404 2942 primordia
1429 2893 1585 2942 quae-

682 2948 802 2997 dam
840 2947 1148 3009 ConstitueS,
1202 2963 1381 2998 aevom
1431 2948 1586 2997 debe-

680 3019 810 3069 bunt
837 3036 1009 3085 sparsa
1033 3036 1127 3085 per
1151 3035 1358 3069 omnem
1384 3019 1584 3068 Disiec-

681 3096 787 3137 tare
852 3099 1017 3141 aestus
1091 3090 1275 3140 diversi
1337 3090 1582 3150 materiai,

677 3158 961 3225 Nunquam
999 3162 1053 3210 in
1078 3162 1354 3210 concilium
1385 3169 1442 3209 ut
1468 3177 1585 3227 pos-

679 3229 787 3280 sint
823 3233 1088 3296 compulsa
1126 3233 1262 3282 coire
1285 3232 1395 3282 Nec
1420 3248 1584 3282 remo-

684 3302 783 3350 rari
831 3302 886 3351 in
943 3304 1164 3353 concilio
1214 3318 1310 3353 nec
1361 3319 1584 3353 crescere

681 3372 899 3423 adaucta
941 3392 985 3425 ι.
1037 3375 1100 3425 V.
1154 3390 1281 3440 pure
1322 3374 1388 3434 11,
1450 3383 1584 3439 1052

678 3460 708 3494 e
744 3460 885 3509 segg.

759 3529 908 3578 1019.
949 3516 1055 3566 sive
1091 3517 1214 3565 adeo
1241 3519 1455 3582 potius:
1496 3537 1522 3561 α
1552 3531 1585 3566 0

679 3588 872 3652 meglio
915 3605 958 3637 ι.
1000 3614 1066 3624 -
1106 3596 1368 3637 concreta:
1411 3605 1440 3639 e
1472 3583 1586 3638 cioe

673 3658 1053 3709 addensandosi
1073 3659 1209 3709 nelle
1223 3661 1582 3717 concretiones,

1701 1379 2013 1447 συγκρίσεις.
2063 1382 2260 1446 Questo
2315 1397 2442 1447 pure
2490 1382 2609 1432 dice

1700 1454 1737 1502 il
1776 1455 1887 1518 cogi
1921 1453 2006 1503 del
2046 1469 2092 1503 v.
2130 1460 2391 1518 seguente.

1778 1537 2093 1589 1021-1023.
2133 1524 2271 1574 Sono
2310 1524 2518 1589 ripetuti
2548 1525 2605 1573 in

1700 1597 1764 1655 V,
1805 1609 1907 1657 419
1947 1613 1977 1646 e
2013 1612 2154 1660 segg.
2180 1595 2283 1646 Nel
2311 1611 2357 1645 v,
2392 1608 2523 1659 1023
2553 1595 2605 1644 13

1700 1667 1998 1732 ripetizione
2017 1667 2069 1716 di
2094 1683 2325 1731 quaeque
2345 1667 2438 1716 che
2463 1662 2492 1714 ὲ
2519 1663 2604 1730 gi&

1699 1739 1785 1788 nel
1820 1754 1966 1787 verso
2003 1739 2307 1804 precedente
2336 1735 2443 1786 svio
2481 1738 2603 1787 l'oc-

1699 1809 1816 1859 chio
1854 1810 1940 1859 del
1977 1808 2186 1874 copista‚
2226 1804 2392 1857 sicche
2429 1809 2473 1857 si
2501 1816 2603 1858 tro-

1699 1896 1830 1929 vano
1891 1880 2172 1945 riprodotte
2220 1880 2269 1930 le
2307 1879 2482 1944 parole
2518 1879 2604 1930 del

1699 1967 1843 2001 verso
1882 1952 2186 2016 precedente
2223 1951 2397 2016 sagaci
2441 1958 2611 2000 mente

1700 2023 1976 2080 locarunt,·
2031 2023 2069 2071 il
2118 2021 2480 2087 supplemento
2518 2021 2605 2071 del

1699 2093 1921 2143 Marullo
1959 2094 2150 2144 darent
2169 2101 2335 2143 motus
2364 2094 2608 2158 pepigere

1690 2165 1928 2230 prafecto
1970 2161 1997 2213 ὲ
2047 2165 2300 2229 garentito
2349 2165 2435 2212 dal
2483 2179 2604 2212 con-

1700 2236 1872 2285 fronto
1909 2236 1991 2285 col
2028 2237 2187 2301 luogo
2226 2237 2380 2284 citato
2418 2235 2504 2284 del
2540 2234 2606 2283 li-

1698 2308 1791 2355 bro
1838 2307 1902 2356 V.
1960 2309 1985 2356 1
2031 2308 2162 2357 versi
2208 2308 2303 2357 che
2355 2321 2609 2370 seguono,

1706 2390 1843 2440 1024
1869 2393 1978 2443 sgg.
2005 2379 2176 2428 hanno
2202 2379 2450 2428 riscontro
2475 2392 2603 2442 pure

1698 2450 1752 2498 in
1793 2450 1953 2515 quelli
1997 2449 2083 2499 del
2118 2449 2251 2498 libro
2288 2450 2354 2509 V,
2403 2460 2537 2497 1022
2574 2463 2608 2497 e

1698 2536 1857 2584 segg„
1909 2537 1992 2569 ma
2034 2536 2133 2569 con
2182 2519 2466 2585 molteplici
2516 2534 2605 2568 va·

1699 2591 1925 2641 riazioni.
2173 2639 2177 2644 .

1774 2675 1922 2712 1022.
1964 2679 2083 2711 suo:
2122 2662 2480 2711 monosillabo.
2535 2686 2606 2697 -·

1698 2735 1873 2798 sagaci
1918 2741 2117 2783 mente:
2172 2730 2287 2782 sare.
2338 2748 2442 2781 una
2500 2730 2606 2781 fine

1697 2804 1951 2854 allusione
1969 2805 2019 2853 al
2040 2807 2162 2859 νοῦς
2181 2804 2235 2853 di
2262 2805 2609 2867 Anassagora‚

1695 2876 1746 2924 la
1784 2877 1995 2926 materia
2033 2875 2355 2925 sottilissima
2400 2875 2611 2925 ordina-

1699 2947 1822 2996 trice
1857 2947 1977 2998 dell'
1995 2947 2250 2997 universo.
2528 2992 2533 2995 ,

1773 3030 2088 3079 1024-1029.
2141 3018 2313 3067 Prima
2361 3017 2414 3066 di
2450 3017 2611 3081 giun-

1695 3104 1816 3154 gere
1851 3090 2062 3154 dunque
2088 3088 2138 3137 al
2163 3095 2400 3154 presente
2422 3088 2603 3137 ordine

1694 3162 1747 3209 di
1787 3176 1918 3224 cose,
1960 3161 2010 3209 13
2047 3167 2227 3210 natura
2265 3160 2332 3208 ha
2368 3160 2497 3208 fatto
2522 3159 2608 3207 in·

1694 3231 1826 3282 finiti
1866 3231 2130 3292 tentativi3
2173 3231 2391 3280 creando
2419 3229 2606 3295 quindi

1695 3303 1894 3352 infinite
1933 3304 2092 3353 forme
2131 3317 2236 3351 non
2272 3302 2417 3350 vitali
2454 3301 2527 3364 (v.
2563 3300 2600 3352 1.

1693 3372 1793 3439 V);
1833 3374 1888 3423 in
1923 3389 2093 3423 mezzo
2119 3374 2219 3422 alla
2243 3371 2445 3423 infinita
2470 3371 2611 3422 serie

1693 3446 1746 3494 di
1810 3444 2112 3495 movimenti
2173 3461 2201 3494 e
2260 3442 2314 3492 di
2366 3458 2602 3492 accozza-

1694 3516 1856 3566 menti
1900 3516 2266 3581 sperimentati,
2318 3514 2487 3564 alcuni
2539 3529 2610 3563 ve

1694 3604 1759 3637 ne
1796 3587 1981 3637 fui-ono
2016 3587 2035 3636 i
2073 3587 2214 3652 quali
2252 3586 2296 3635 si
2337 3584 2605 3651 riprodus-

1692 3674 1820 3720 sero,
1876 3653 2064 3724 perche
2120 3665 2400 3708 entravano
2452 3671 2609 3706 come
