2917 4275
931 312 1015 354 mr
1058 301 1278 355 RERUM
1321 312 1603 361 NATURA.
1893 311 1898 318 ’
2139 318 2222 374 49

320 440 625 518 ignoratur
671 437 831 498 enim
876 455 1030 514 quae
1066 436 1144 499 sit
1187 448 1397 499 natura
1439 437 1675 512 animai,

320 539 460 590 nata
505 528 596 598 sit,
647 547 725 587 an
771 537 977 589 contra
1023 527 1404 588 nascentibus
1445 527 1795 603 insinuetur,

321 629 380 678 et
426 617 601 677 simul
646 618 900 677 intereat
945 615 1256 678 nobiscum
1303 622 1494 677 morte
1542 616 1853 695 dirempta,

320 727 397 766 an
443 708 721 766 tenebras
767 705 909 766 Orci
956 704 1103 765 visat
1147 716 1461 783 vastasque
1504 708 1765 781 lacunas,

2103 721 2220 781 115

320 815 396 855 an
441 795 704 873 pecudes
747 794 890 854 alias
936 793 1217 855 divinitus
1262 793 1521 855 insinuet
1556 814 1639 869 se,

321 884 550 944 Ennius
597 894 664 943 ut
709 895 910 943 noster
957 883 1188 954 cecinit,
1237 882 1340 960 qui
1384 883 1611 962 primus
1656 903 1910 944 amoeno

321 973 534 1033 detulit
579 993 654 1032 ex
700 971 996 1033 Helicone
1043 972 1290 1050 perenni
1336 968 1553 1033 fronde
1598 992 1900 1048 coronam,

320 1081 426 1140 per
468 1061 662 1141 gentis
708 1063 883 1121 Italas
930 1061 1240 1122 hominum
1291 1079 1444 1138 quae
1491 1065 1647 1123 clara
1692 1064 1942 1138 clueret;

320 1150 429 1212 etsi
474 1162 780 1230 praeterea
822 1159 1022 1211 tamen
1069 1170 1198 1212 esse
1243 1149 1576 1213 Acherusia
1621 1153 1847 1229 templa

317 1380 630 1431 costruzione
674 1380 886 1445 poetica,
926 1396 957 1428 a
992 1380 1092 1427 mo'
1132 1380 1216 1429 dei

318 1453 481 1510 Greci,
502 1451 587 1502 del
606 1450 855 1515 gerundio
876 1450 1215 1516 impersonale

318 1539 415 1573 con
462 1524 725 1588 l'oggettO.
781 1524 902 1571 Non
951 1518 979 1570 ὲ
1015 1537 1124 1570 rara
1159 1522 1214 1571 in

317 1594 586 1654 Lucrezio;
624 1594 715 1643 cfr.
752 1593 792 1656 1,
840 1591 937 1656 138
983 1612 1007 1636 c
1049 1593 1214 1642 multa

275 1673 278 1674 ’
317 1667 569 1731 agendum
613 1684 665 1728 »;
706 1665 747 1724 Ι,
787 1662 885 1727 381
933 1683 958 1707 e
993 1665 1214 1728 privan-

318 1738 437 1785 dum
475 1745 692 1801 corpora
722 1750 779 1793 »;
818 1736 882 1794 11,
922 1748 1027 1797 492
1070 1754 1094 1779 ι
1125 1736 1214 1782 acl-

319 1808 537 1858 dendum
565 1808 741 1871 partis
782 1824 829 1860 ι.

390 1892 411 1929 1
427 1892 505 1941 13.
543 1879 868 1926 nascentibus
891 1878 1210 1926 insinuetur:

317 1966 346 1999 e
381 1946 493 1998 cioe
539 1950 634 1997 che
688 1950 720 1997 l'
735 1949 906 1997 anima
955 1948 1087 1998 entri
1131 1947 1216 1996 nel

316 2036 470 2086 corpo
507 2036 599 2085 per
636 2020 808 2069 afflato
845 2020 1035 2069 divin0.

392 2105 507 2154 114.
545 2093 828 2156 dirempta:
866 2106 1003 2141 nom.
1029 2088 1109 2140 rif.
1150 2090 1215 2139 ad

314 2166 506 2212 anima.
544 2163 677 2214 Vale
738 2183 761 2206 ι
804 2162 1081 2213 discioltasi
1130 2162 1215 2212 nei

314 2236 429 2285 suoi
484 2234 641 2284 atomi
682 2253 742 2298 »3
801 2250 846 2282 v.
885 2233 1140 2293 Giussani‚
1186 2249 1217 2282 a

392 2378 504 2428 116.
551 2395 622 2425 an
656 2377 871 2440 pecudes
907 2378 1056 2435 alias,
1110 2392 1212 2426 ecc.

314 2449 497 2514 Veggo
540 2448 674 2512 negl'
692 2448 968 2512 interpreti,
1019 2447 1072 2496 di
1109 2448 1211 2496 Lu·

316 2521 479 2569 crezio
517 2536 545 2570 e
582 2520 633 2567 di
670 2518 855 2578 Enni0,
909 2535 1043 2568 esser
1089 2519 1213 2568 satta

314 2607 344 2639 a
380 2592 547 2656 questi
586 2590 715 2640 versi
766 2590 1001 2655 qualche-
1035 2590 1212 2638 confu-

314 2663 472 2711 sione.
522 2663 745 2710 Pecudes
788 2676 892 2709 non
930 2659 958 2709 ὲ
996 2661 1085 2727 qui
1122 2676 1214 2726 per

314 2734 540 2782 hanzines
577 2731 901 2795 (Wakefield,
928 2730 1210 2797 Forbiger),

313 2798 380 2852 ne
417 2805 506 2868 qui
544 2805 645 2852 han
677 2804 740 2850 da
767 2803 844 2850 far
868 2804 1010 2852 nulla
1035 2803 1052 2850 i
1082 2804 1212 2853 versi

310 2876 366 2923 di
404 2875 574 2924 Ennio
611 2875 704 2923 che
740 2874 940 2937 soglion
981 2875 1096 2923 tutti
1142 2875 1212 2923 ci-

312 2953 419 2996 tare
439 2947 612 3009 (Forbi
618 2961 720 3009 ger,
734 2944 1044 3006 Lachmann,
1061 2945 1211 2996 Gius·

312 3018 438 3078 sani,
480 3032 600 3076 ecc„
636 3017 764 3064 oltre
814 3016 886 3079 gli
942 3017 1122 3066 editori
1160 3017 1213 3066 di

312 3087 522 3152 Ennio).
562 3087 806 3137 Lucrezio
853 3087 1111 3151 distingue
1137 3096 1210 3137 tre

311 3160 522 3224 ipotesi:
564 3175 595 3208 o
633 3158 838 3213 l’anima
887 3175 1064 3208 muore
1112 3174 1211 3208 con

313 3231 415 3289 noi,
454 3247 486 3279 0
523 3247 586 3279 va
622 3230 835 3280 errando
875 3247 966 3294 per
996 3230 1045 3279 le
1070 3237 1210 3280 tene-

311 3302 404 3352 bre
422 3301 541 3351 dell'
558 3302 705 3360 OrcO,
727 3317 758 3349 o
784 3307 925 3350 entra
945 3301 1029 3350 nel
1054 3316 1209 3366 corpo

315 3373 370 3421 di
392 3373 509 3421 altri
535 3372 742 3421 animali
768 3370 1013 3436 (pecudes
1038 3371 1209 3438 alias).

315 3444 489 3507 Quest’
504 3444 684 3492 ultima
719 3443 902 3508 ipotesi
939 3443 993 3491 fu
1020 3443 1213 3492 accolta

315 3515 380 3563 da
412 3515 597 3575 Enni0,
636 3531 664 3564 e
701 3530 805 3563 non
842 3511 871 3563 ὲ
897 3514 1092 3564 dubbio
1117 3514 1209 3564 che

314 3585 559 3636 Lucrezio
613 3586 763 3634 abbia
813 3586 966 3635 citato
1022 3585 1071 3634 le
1118 3602 1210 3650 pa-

316 3656 422 3704 role
472 3665 628 3707 stesse
676 3657 729 3705 di
783 3657 967 3707 Ennio,
1029 3657 1208 3720 Questi

2105 1169 2225 1210 120

1322 1381 1408 1431 nel
1444 1380 1698 1446 principio
1728 1379 1869 1444 degli
1893 1378 2096 1439 Annali,
2132 1394 2224 1445 per

1321 1453 1575 1517 ispiegare
1612 1467 1757 1501 come
1793 1451 1928 1500 fosse
1952 1451 2007 1500 in
2030 1450 2107 1499 lui
2131 1466 2219 1500 en-

1321 1530 1454 1573 trata
1508 1523 1644 1588 dopo
1698 1523 1857 1587 lunga
1913 1521 2222 1586 migrazione

1318 1594 1528 1643 l'anima
1564 1595 1619 1643 di
1645 1593 1834 1644 Omero
1859 1593 2062 1659 parlava
2086 1592 2222 1642 della

1321 1665 1713 1732 metempsicosi.
1763 1665 1851 1714 Ma
1885 1665 1903 1713 i
1939 1665 2071 1714 versi
2128 1663 2223 1713 che

1320 1737 1555 1801 sogliono
1592 1736 1680 1801 qui
1719 1735 1923 1786 addursi
1949 1736 2013 1785 da
2049 1735 2221 1784 Ennio

1320 1807 1644 1871 (falsamente
1680 1807 1929 1856 attribuiti
1973 1806 2076 1871 agli
2111 1807 2221 1856 An·

1321 1880 1439 1938 nali,
1456 1896 1502 1928 v.
1528 1876 2097 1942 122·124M1·111er)di
2116 1893 2224 1927 me-

1322 1950 1612 2015 tempsicosi
1633 1965 1736 1999 non
1755 1949 1989 2014 pai-lano:
2012 1949 2222 2014 pariano

1321 2021 1456 2071 della
1493 2021 1827 2086 generazione
1850 2020 1990 2084 degli
2016 2019 2221 2084 augelli,
2297 2025 2300 2026 ’

1320 2092 1506 2158 (genus
1522 2093 1707 2158 pinnis
1744 2090 2154 2151 condecoratam)
2193 2106 2222 2141 e

1320 2180 1415 2214 son
1451 2165 1744 2214 traduzione
1772 2163 1834 2229 di
1871 2163 2041 2212 alcuni
2090 2162 2220 2212 versi

1321 2235 1373 2284 di
1410 2236 1682 2301 Epicarmo
1719 2235 1814 2287 che
1847 2235 2164 2298 rimangono,
2192 2250 2221 2284 e

1321 2322 1414 2355 son
1451 2307 1632 2372 quindi
1670 2307 1735 2354 da
1759 2305 2021 2358 attribuire
2058 2305 2219 2354 all’E-

1310 2379 1615 2440 picharmus
1639 2378 1692 2426 di
1716 2377 1887 2426 Ennio
1913 2377 1980 2439 (v.
2011 2376 2220 2439 Quaest.

1322 2449 1523 2498 ennian.
1565 2451 1619 2497 in
1665 2449 1840 2498 Stadii
1884 2448 2023 2512 sugli
2055 2448 2220 2496 scritt.

1321 2520 1439 2569 Lat.
1479 2537 1529 2584 p.
1570 2532 1653 2580 22,
1697 2535 1725 2568 e
1769 2516 2222 2568 Commentationes

1319 2590 1650 2656 vetgilianae,
1688 2607 1738 2655 p·
1782 2589 1922 2653 149).

1398 2674 1512 2722 119.
1553 2677 1683 2724 quae
1720 2661 1863 2710 clara
1892 2661 2107 2708 clueret:
2133 2675 2221 2708 en·

1321 2733 1473 2782 niano
1512 2730 1668 2797 (Ann.
1709 2746 1738 2795 3
1777 2728 2021 2794 Μί111.);
2064 2751 2090 2775 e
2131 2748 2221 2780 no-

1320 2812 1433 2853 stra
1458 2804 1647 2852 latinos
1662 2804 1767 2852 Per
1785 2802 2005 2867 populos
2030 2808 2220 2850 terras-

1321 2892 1416 2938 que
1442 2872 1688 2939 poemata
1725 2875 1869 2922 clara
1906 2873 2149 2922 eluebant
2174 2892 2222 2923 ι.

1397 2959 1510 2995 120.
1532 2947 1626 2994 etsi
1642 2961 1745 2994 ecc.
1764 2944 1908 2994 Oltre
1933 2943 2045 3008 (cfr.
2058 2951 2217 3007 prae-

1320 3015 1481 3081 terea)
1518 3016 1568 3065 al
1604 3016 1807 3066 credere
1843 3016 1944 3064 alla
1969 3021 2217 3080 metemp-

1319 3089 1484 3147 sicosi,
1522 3082 1692 3136 Enn'io
1728 3088 1877 3137 crede
1931 3101 2057 3151 pure
2112 3086 2217 3150 agli

1323 3160 1606 3208 Acherusia
1668 3159 1869 3223 templa,
1932 3156 2017 3206 nei
2078 3158 2222 3223 quali

1318 3246 1424 3279 non
1486 3230 1783 3295 rim-angano
1843 3227 1929 3294 gia
1990 3227 2218 3292 (perma-

1319 3309 1481 3351 mant
1526 3318 1570 3350 ν.
1624 3301 1745 3364 122)
1799 3302 1848 3351 le
1896 3300 2066 3350 anime
2115 3315 2148 3348 o
2203 3300 2221 3348 i

1319 3373 1473 3438 corpi,
1529 3388 1611 3421 ma
1665 3375 1973 3437 rimangano
2028 3370 2219 3437 pallide

1319 3445 1496 3492 ombre
1534 3459 1565 3491 o
1602 3443 1860 3493 simulacri
1897 3444 1948 3492 di
1984 3456 2219 3508 persone,

1319 3522 1515 3565 mentre
1552 3515 1599 3564 le
1637 3514 1807 3564 anime
1844 3514 1979 3564 delle
2003 3526 2217 3579 persone

1318 3593 1482 3636 stesse‘
1512 3586 1862 3651 trasmigrano
1897 3585 1950 3634 di
1983 3598 2137 3648 corpo
2161 3583 2217 3631 in

1317 3671 1490 3723 corpo,
1545 3657 1666 3706 Non
1712 3657 1753 3706 c’
1774 3656 2107 3720 indugeremo
2161 3653 2215 3702 di

1938 3791 1974 3840 4
