2917 4275
631 356 649 377 ·
683 347 762 405 86
1343 359 1406 403 Τ.
1451 357 1719 401 Lucum-1
1764 356 1933 401 cARo

680 484 728 544 si
774 482 890 545 cita
933 481 1238 559 dissiliant,
1287 503 1507 562 nempe
1552 491 1653 543 aer
1698 502 1878 543 omne
1922 490 2235 554 necessest,

2460 482 2582 557 385

680 573 836 633 inter
879 592 1127 650 corpora
1172 573 1337 650 quod
1381 575 1500 646 fiat,
1550 572 1816 650 possidat
1859 572 2068 632 inane:

681 663 729 723 is
772 682 953 740 porro
998 661 1267 738 quamvis
1311 661 1533 723 circum
1580 660 1975 722 celerantibus
2018 658 2176 720 auris

681 753 938 811 confluat
981 752 1140 811 haud
1189 751 1408 830 poterit
1453 761 1656 811 tamen
1702 771 1824 811 uno
1867 761 2136 827 tempore
2181 758 2374 808 totum

681 840 963 920 compleri
1009 838 1262 918 spatium
1300 858 1314 900 :
1386 860 1528 900 nam
1575 839 1831 918 primum
1877 857 2180 916 quemque
2225 848 2523 898 necessest

681 940 933 1008 occupet
976 928 1076 989 ine
1121 931 1340 1004 locum,
1392 929 1611 990 deinde
1658 928 1858 990 omnia
1901 926 2335 1007 possideantur.

2462 948 2589 1005 390

681 1021 847 1095 quod
892 1020 940 1080 si
986 1022 1139 1080 forte
1183 1018 1416 1096 aliquiS,
1468 1039 1604 1079 cum
1652 1037 1904 1097 corpora
1948 1015 2275 1089 dissiluere,

681 1119 807 1168 tum
853 1119 1023 1186 putat
1068 1108 1130 1168 id
1175 1107 1301 1168 fieri
1346 1107 1487 1185 quia
1531 1127 1594 1167 se
1640 1109 2005 1169 condenseat
2049 1113 2165 1178 aer,

681 1208 874 1258 errat:
953 1217 1092 1258 nam
1138 1217 1391 1259 vacuum
1438 1207 1569 1257 tum
1612 1198 1678 1257 fit
1724 1197 1891 1273 quod
1935 1216 2060 1257 non
2106 1193 2220 1254 fuit
2264 1204 2419 1269 ante,

685 1299 742 1347 et
785 1288 1047 1365 repletur
1091 1286 1233 1346 item
1278 1304 1533 1347 vacuum
1580 1286 1746 1363 quod
1792 1286 2056 1347 constitit
2101 1293 2259 1358 ante,

685 1395 794 1436 nec
839 1375 945 1436 tali
986 1374 1218 1436 ratione
1263 1385 1463 1453 potest
1508 1374 1811 1435 denserier
1854 1384 1973 1450 aer,

2468 1388 2586 1449 395

681 1483 810 1539 nec,
861 1464 909 1524 si
954 1464 1072 1524 iam
1117 1475 1336 1543 posset,
1387 1463 1514 1524 sine
1559 1462 1723 1524 inani
1766 1475 1987 1543 posset,
2038 1463 2269 1542 opinor,

685 1555 810 1631 ipse
856 1552 917 1614 in
963 1573 1026 1614 se
1072 1556 1304 1615 trahere
1350 1564 1411 1613 et
1454 1552 1642 1632 partis
1688 1555 2025 1615 conducere
2070 1553 2133 1621 in
2180 1570 2387 1613 unum.

689 1783 1018 1847 gionamento
1055 1785 1275 1852 procede
1325 1785 1415 1850 qui
1451 1784 1585 1833 ordi-

685 1862 805 1904 nato
841 1871 871 1905 e
908 1865 1124 1918 serrato;
1175 1853 1241 1906 ne
1291 1871 1348 1905 so
1383 1856 1587 1905 vedervi

681 1927 729 1975 1³
761 1926 1062 1979 confusione
1088 1945 1116 1979 e
1145 1929 1184 1978 il
1209 1927 1469 1977 disordine
1493 1927 1587 1977 che

685 1999 732 2047 vi
769 2012 1018 2061 scorgono
1056 2001 1073 2050 ἰ
1111 2000 1286 2049 critici.

753 2068 871 2132 386.
911 2073 1178 2135 possidat:
1227 2091 1251 2114 α
1295 2070 1478 2134 oceupi
1517 2086 1575 2130 »ς

685 2149 819 2191 sotto
855 2139 980 2208 pero
1016 2144 1065 2192 al
1089 2159 1136 2192 v.
1164 2157 1268 2208 390
1285 2143 1584 2207 possidean-

685 2223 791 2260 tur.
811 2213 991 2263 Presso
1015 2214 1072 2265 C.
1099 2213 1205 2279 (De
1235 2215 1398 2272 Orat„
1426 2225 1473 2271 2,
1503 2223 1585 2274 70,

689 2282 815 2346 2333
855 2283 1001 2335 Verr.
1025 2299 1071 2347 2,
1099 2300 1148 2350 3,
1175 2285 1258 2345 68,
1287 2283 1409 2348 1583
1436 2283 1586 2333 Mur.

697 2354 773 2416 16,
822 2352 915 2418 34)
961 2359 1168 2422 posside
1215 2353 1245 2405 ὲ
1297 2375 1321 2399 ι
1370 2369 1587 2422 occupa·

689 2444 739 2476 re
799 2443 825 2469 ε
888 2443 972 2478 ma
1031 2445 1136 2479 non
1190 2426 1277 2478 nel
1330 2441 1481 2476 senso
1537 2426 1590 2474 di

693 2516 713 2540 t
757 2496 996 2563 riempire
1037 2518 1080 2560 ι,
1117 2497 1264 2550 bensi
1316 2497 1369 2546 in
1416 2496 1589 2562 quello

689 2568 739 2616 di
778 2588 803 2612 α
846 2568 1202 2636 impadronirsi
1246 2589 1290 2620 ι.
1339 2566 1590 2618 Cicerone

689 2648 844 2689 stesso
883 2643 1106 2708 adopera
1141 2644 1158 2693 i
1194 2642 1293 2691 due
1331 2639 1475 2689 verbi
1512 2639 1587 2687 in-

689 2720 966 2763 teramente
1004 2729 1150 2765 come
1186 2711 1459 2768 sinonimi;
1497 2710 1586 2760 cfr.

693 2784 767 2830 De
810 2782 973 2845 Orat„
1012 2798 1059 2846 2,
1099 2795 1181 2848 70,
1223 2783 1323 2848 283
1353 2797 1451 2831 con
1481 2783 1590 2830 Pro

693 2853 868 2912 Quint.
906 2856 956 2917 6,
1002 2866 1087 2921 25.

760 2922 878 2989 389.
899 2929 1130 2992 primum
1160 2942 1434 2992 quemque.-
1465 2942 1590 2976 corr.

689 2994 856 3113 angina
891 3014 982 3064 per
1009 3001 1243 3064 primum
1269 3000 1485 3064 quisque
1509 2999 1591 3048 dei

689 3080 749 3116 co
788 3069 869 3120 ici.

770 3152 1021 3204 391·397.
1084 3142 1292 3191 Furono
1348 3140 1593 3205 giudicati

693 3214 776 3264 dal
812 3215 850 3262 P
871 3213 973 3262 011
993 3230 1021 3263 e
1057 3210 1394 3278 (Philologus,
1428 3212 1593 3272 XXV,

693 3284 820 3349 270)
841 3299 912 3333 un
935 3285 1104 3350 primo
1133 3285 1367 3343 abbozzo,
1396 3284 1492 3334 che
1517 3299 1595 3332 sa-

693 3357 848 3408 rebbe
885 3364 1016 3405 stato
1053 3355 1141 3422 poi
1178 3350 1270 3421 piu
1319 3355 1451 3404 tardi
1502 3353 1594 3404 eli·

693 3428 900 3477 minate.
958 3425 1064 3477 Cfr.
1115 3423 1239 3491 pero
1286 3425 1596 3476 Stueren-

693 3504 725 3548 h
741 3516 772 3548 u
791 3514 870 3562 rg,
897 3498 955 3546 in
976 3500 1108 3547 Acta
1129 3498 1392 3547 Societatis
1421 3496 1598 3546 Philo-

693 3572 834 3635 ῥῆξαι
869 3569 1174 3634 Lepsiensis,
1210 3567 1357 3632 1874,
1395 3586 1446 3634 p.
1478 3581 1595 3632 392.

697 3644 739 3688 ss
764 3642 1061 3703 Bernays,
1088 3639 1346 3698 Abhandl,
1370 3642 1434 3698 ΙΙ,
1454 3656 1508 3705 p.
1527 3651 1598 3702 42

701 3716 978 3761 rammenta
1013 3711 1052 3759 il
1088 3709 1323 3776 pensiero
1377 3710 1431 3759 di
1487 3711 1597 3761 Ari·

1696 1786 1877 1836 stotele
1914 1785 2008 1834 che
2045 1784 2250 1849 quando
2301 1784 2334 1832 l'
2356 1798 2518 1847 acqua
2556 1782 2598 1831 si

1696 1858 1952 1907 condensa
1988 1856 2131 1905 l'aria
2168 1856 2262 1905 che
2298 1850 2376 1902 v’e
2418 1854 2597 1904 dentro

1696 1944 1883 1995 scappa
1918 1928 1999 1976 via
2036 1926 2216 1992 (Phys.
2241 1926 2333 1985 IV,
2368 1925 2416 1986 6,
2448 1924 2597 1986 2¹4b,

1696 2000 1805 2064 32).

1769 2084 1888 2136 392.
1928 2078 2091 2120 tum...
2130 2070 2192 2117 id
2217 2070 2363 2129 fieri:
2414 2065 2525 2118 cioe
2563 2067 2600 2116 il

1697 2144 1824 2194 fatto
1863 2143 1956 2192 che
1992 2142 2134 2191 l'aria
2170 2143 2214 2191 si
2251 2142 2379 2191 trovi
2416 2141 2481 2189 ad
2518 2156 2599 2189 oc-

1697 2231 1885 2280 cupare
1921 2221 2053 2262 tutto
2081 2213 2133 2262 lo
2158 2213 2329 2278 spazio
2352 2213 2597 2262 interme-

1696 2287 1798 2349 dio,
1839 2293 1913 2334 tra
1943 2284 1961 2332 i
1988 2285 2087 2335 due
2126 2284 2286 2350 piatti.
2313 2309 2379 2318 —
2406 2300 2459 2332 se
2484 2299 2599 2332 con-

1697 2359 1936 2407 denseat.-
1979 2375 2003 2399 α
2044 2357 2119 2406 sia
2155 2354 2517 2405 condensabile
2544 2369 2599 2412 »ς

1699 2446 1726 2479 e
1763 2424 1888 2487 cioe,
1929 2427 2014 2476 dal
2051 2433 2313 2476 momento
2356 2428 2411 2476 in
2461 2426 2545 2476 cui
2583 2426 2601 2473 i

1696 2499 1845 2566 piatti
1881 2499 1925 2546 si
1962 2499 2306 2558 allontanano,
2344 2513 2495 2564 possa
2522 2513 2599 2546 ra·

1699 2569 1891 2620 refarsi.
1931 2569 1975 2619 11
2012 2570 2091 2620 Su
2106 2569 2338 2620 semihl
2388 2566 2600 2633 (philol.

1698 2641 1895 2703 XXIII,
1933 2657 1983 2706 p.
2022 2640 2155 2705 468)
2196 2641 2428 2690 indicava
2466 2640 2602 2705 dopo

1698 2721 1878 2779 questo
1915 2728 2060 2762 verso
2099 2728 2200 2761 una
2237 2713 2435 2761 lacuna.

1771 2798 1891 2850 394.
1929 2785 2161 2849 repletur
2195 2784 2313 2833 item
2332 2800 2350 2831 .·
2387 2781 2506 2832 nell'
2528 2780 2603 2830 al-

1701 2855 1978 2906 lontanarsi
2012 2855 2096 2905 dei
2131 2855 2233 2904 due
2258 2853 2406 2920 piatti
2432 2853 2475 2903 si
2501 2852 2603 2903 for·

1701 2944 1783 2977 ma
1819 2926 1859 2975 il
1894 2933 2066 2990 ναοῖο,
2106 2927 2328 2976 secondo
2355 2923 2604 2975 Lucrezio

1699 2997 1771 3064 (v.
1803 3013 1949 3048 verso
1975 2994 2332 3063 precedente);
2373 3013 2457 3046 ma
2481 3011 2605 3061 que-

1700 3078 1779 3120 sto
1815 3077 1971 3118 vuoto
2007 3075 2166 3118 stesso
2191 3069 2278 3133 poi
2303 3068 2347 3117 si
2372 3067 2604 3131 riempie.

1773 3150 1894 3205 395.
1914 3141 2202 3189 denserier:
2222 3139 2369 3189 codd.
2391 3139 2607 3188 conden-

1701 3214 1876 3263 serier.
1902 3212 1980 3260 La
2005 3211 2366 3261 emendazione
2398 3209 2455 3259 fu
2482 3208 2609 3258 satta

1702 3283 1787 3333 dal
1813 3290 2086 3333 correttore
2111 3282 2229 3332 dell'
2241 3283 2516 3347 oblongus.
2538 3305 2606 3316 ——

1704 3355 1802 3405 tale·
1852 3355 2054 3403 ratione
2090 3375 2162 3396 ==
2196 3361 2261 3403 ut
2300 3353 2385 3401 illi
2437 3352 2607 3401 existi·

1703 3433 1891 3485 mant,·
1962 3424 2053 3475 cfr.
2125 3421 2607 3486 Stuerenburg,

1707 3500 1820 3547 Act.
1858 3497 2021 3561 Lips„
2060 3497 2127 3557 11,
2167 3508 2287 3562 392.

1777 3579 1897 3633 397.
1936 3569 2141 3617 trahere
2178 3588 2247 3607 =
2282 3583 2333 3616 se
2370 3566 2611 3622 trahere,-

1706 3654 1800 3690 uso
1838 3639 2083 3690 riflessivo
2119 3638 2204 3689 del
2239 3638 2395 3688 verbo
2433 3635 2610 3685 transi-

1709 3711 1829 3761 tivo.
1857 3709 1972 3760 Pari
2001 3724 2094 3760 uso
2112 3706 2142 3758 ὲ
2166 3725 2342 3776 presso
2366 3706 2612 3759 Lucrezio
