2917 4275
608 251 687 306 62
1265 262 1326 308 τ.
1373 259 1642 305 mcum
1695 259 1868 304 cano

605 387 757 448 aeris
799 385 862 447 in
907 396 1141 447 teneras
1184 385 1426 474 possint
1461 384 1778 464 proferrier
1823 405 2012 447 auraS.

605 487 907 556 postremo
952 475 1237 554 quoniam
1283 475 1523 536 incultis
1569 485 1866 553 praestare
1908 474 2182 535 videmus

606 567 765 627 culta
808 566 941 626 loca
986 575 1047 625 et
1089 564 1366 624 manibus
1412 563 1674 624 melioris
1717 565 1970 625 reddere
2015 565 2186 637 fetuS‚

606 673 738 714 esse
781 654 1058 732 videlicet
1101 653 1164 713 in
1208 652 1379 713 terris
1424 653 1750 731 primordia
1791 673 2008 726 rerum,

2389 673 2512 712 210

609 762 764 822 quae
810 763 922 803 nos
965 743 1252 803 fecundas
1298 753 1600 803 vertentes
1641 763 1885 804 vomere
1931 743 2134 820 glebas

611 829 903 909 terraique
950 833 1139 892 solum
1181 831 1530 920 *subigentes
1574 831 1761 892 cimus
1807 833 1884 892 ad
1930 841 2132 892 ortus:

609 923 771 998 quod
819 920 868 980 si
911 922 1074 980 nulla
1118 922 1330 993 forent,
1380 931 1586 981 nostro
1631 921 1759 980 sine
1806 939 2077 998 quaeque
2122 923 2326 980 labore

612 1020 825 1088 sponte
870 1029 976 1070 sua
1020 1012 1212 1070 multo
1244 1008 1386 1070 'fieri
1430 1009 1678 1070 meliora
1721 1008 1977 1072 videres,

681 1269 799 1321 207.
836 1258 1020 1308 aem’s...
1057 1274 1246 1308 auras:
1302 1258 1356 1307 in
1397 1267 1493 1318 771

608 1331 777 1378 aerias
812 1345 1008 1386 auras:
1043 1330 1096 1380 in
1125 1327 1225 1394 783
1256 1331 1313 1378 in
1337 1346 1501 1378 auras

608 1402 779 1460 aeri&
814 1402 869 1452 in
906 1400 1003 1449 801
1032 1402 1213 1466 facere
1248 1403 1383 1450 aeris
1408 1417 1499 1449 au-

606 1489 711 1531 ras,
751 1488 856 1522 ecc.
894 1473 971 1522 Le
1013 1474 1112 1522 due
1166 1472 1343 1537 parole
1398 1489 1505 1522 non

606 1560 735 1594 sono
772 1545 1059 1594 sinonime:
1100 1558 1191 1591 aer
1216 1545 1426 1608 designa
1450 1544 1504 1592 la

608 1616 833 1674 materia,
870 1631 1012 1663 aura
1048 1613 1077 1664 ὲ·
1114 1614 1258 1664 l’aria
1294 1616 1349 1663 in
1383 1632 1504 1664 -mo-

610 1687 867 1744 vimento;
898 1688 985 1736 cfr.
1012 1703 1086 1750 pr.
1113 1685 1325 1748 Isidor0‚
1360 1686 1502 1748 Orig.

608 1758 752 1820 XIII,
792 1758 859 1816 Π,
891 1767 952 1819 17
995 1777 1018 1800 ο
1050 1759 1273 1820 agitatus
1296 1773 1385 1806 aer
1410 1774 1503 1804 au·

606 1845 721 1878 ram
742 1826 884 1890 facit
912 1845 936 1870 ι
989 1845 1018 1877 e
1055 1829 1240 1890 Plinio,
1292 1829 1393 1892 Ep.
1428 1825 1502 1886 V,

608 1899 655 1964 6,
699 1911 755 1965 5:
798 1919 821 1944 e
868 1907 1059 1962 semper
1084 1915 1173 1948 aer
1196 1901 1377 1963 spirito
1410 1899 1503 1947 ali·

610 1988 709 2036 quo
744 1978 973 2020 movetur
992 1987 1007 2018 :
1047 1971 1385 2036 frequentius
1428 1977 1506 2019 ta·-

608 2059 723 2092 men
774 2058 935 2091 auras
983 2059 1136 2105 quam
1192 2048 1363 2091 ventos
1418 2041 1504 2089 ha-

610 2115 689 2163 bet
728 2130 770 2164 ι.
816 2115 860 2165 Ε
910 2114 1156 2164 Lucrezio
1205 2115 1316 2164 dice
1372 2113 1508 2163 aeris

612 2201 773 2234 aurae
816 2205 838 2227 c
879 2185 1032 2235 l’aere
1067 2186 1293 2250 spirante
1324 2204 1365 2244 ι,
1414 2202 1506 2250 per

610 2258 701 2306 dar
736 2258 969 2321 maggior
1007 2257 1178 2307 colore
1224 2256 1508 2322 all’espres-

610 2328 771 2387 sione,
810 2326 917 2377 cosi
955 2344 1101 2378 come
1138 2344 1229 2393 per
1271 2329 1508 2377 nominat

610 2400 811 2463 l’acqua
830 2415 977 2450 come
996 2399 1253 2449 elemento
1274 2400 1387 2448 dice
1405 2408 1468 2462 77
1481 2412 1500 2445 1

615 2490 639 2515 ε
681 2486 947 2534 roremque
1002 2470 1216 2533 liquoris
1257 2489 1278 2513 ι
1341 2486 1369 2520 e
1417 2486 1508 2535 per

613 2542 903 2592 nominarla
940 2557 1087 2591 come
1134 2542 1345 2591 materia
1394 2542 1509 2590 dice

613 2628 664 2663 n.
711 2616 817 2677 496
866 2614 1189 2677 lympharum
1226 2628 1360 2662 rore.
1410 2608 1507 2661 Piir

616 2686 781 2734 ardita
805 2685 1122 2750 espressione
1148 2682 1177 2733 'e
1202 2702 1246 2733 v.
1267 2696 1371 2747 493
1392 2683 1509 2745 gla-

611 2756 707 2805 cies
742 2756 879 2804 aeris
918 2776 941 2799 ο
974 2771 1138 2805 massa
1162 2755 1215 2803 di
1241 2757 1429 2804 bronzo
1464 2771 1506 2801 ι.

612 2827 712 2876 Del
748 2836 883 2877 resto
908 2828 1073 2876 anche
1097 2827 1297 2889 Orazio,
1334 2825 1506 2874 Carm.

613 2898 708 2957 ΙΙΙ,
748 2910 795 2960 3,
837 2897 903 2962 56
946 2918 967 2941 ι
1003 2898 1272 2962 pluviique
1306 2912 1449 2946 rores
1482 2913 1505 2937 ι

618 2988 643 3013 ε
683 2969 733 3018 le
769 2969 961 3034 piogge
1003 2986 1046 3018 ι.

684 3052 803 3100 209.
842 3040 1103 3089 manibus:
1134 3038 1161 3088 ὲ
1188 3040 1377 3098 dativo,
1403 3054 1510 3088 non

614 3111 855 3164 ablativo,
910 3112 955 3160 Il
1015 3127 1199 3177 campo
1267 3110 1509 3160 coltivato

614 3184 770 3232 rende
808 3182 910 3231 alla
946 3199 1101 3232 mano
1127 3182 1221 3231 che
1245 3183 1296 3232 lo
1324 3181 1511 3232 coltiva

616 3253 839 3317 migliori
876 3254 1117 3318 prodotti.

688 3336 807 3374 210.
845 3325 1105 3373 videlicet:
1140 3344 1211 3363 =
1245 3325 1413 3373 videre
1452 3325 1510 3371 li-

616 3402 705 3447 cet.
741 3396 869 3445 Esse
904 3395 1127 3461 dipende
1163 3398 1367 3461 dunque
1426 3394 1510 3443 dal

616 3467 799 3516 videre.
840 3494 907 3503 —
948 3467 1241 3530 primordia
1294 3482 1474 3516 rerum
1493 3482 1510 3513 .·

619 3540 707 3603 qui
742 3554 847 3588 non
872 3538 946 3602 gli
972 3540 1143 3598 atomi,
1172 3556 1256 3587 ma
1279 3540 1295 3587 i
1318 3538 1511 3587 semina

619 3610 859 3674 specifici‚
909 3612 927 3660 i
977 3611 1103 3661 semi
1142 3610 1277 3659 delle
1312 3609 1512 3673 singole

2393 1029 2516 1082 214

1610 1259 1801 1324 piante.
1840 1258 1961 1308 Non
2006 1258 2227 1322 bisogna
2280 1256 2519 1308 climenti-

1611 1346 1726 1380 care
1750 1329 1844 1379 che
1869 1331 1942 1394 gli
1968 1330 2127 1378 atomi
2164 1345 2294 1379 sono
2331 1325 2508 1388 ἄποια,

1617 1418 1721 1451 non
1772 1401 1946 1450 hanno
1996 1399 2191 1465 qualit&
2241 1401 2518 1466 specifiche

1615 1489 1786 1526 e.non
1837 1488 2061 1538 possono
2127 1472 2304 1537 quindi
2355 1488 2520 1522 essere

1611 1545 1740 1595 semi
1779 1544 1832 1593 di
1871 1544 1995 1593 altre
2031 1543 2333 1593 formazioni
2359 1552 2517 1593 mate-

1611 1615 1742 1674 riali,
1782 1631 1836 1663 se
1863 1630 1968 1666 non
1994 1615 2048 1664 in
2074 1623 2266 1679 quanto
2293 1615 2336 1664 si
2368 1615 2514 1665 sieno

1614 1685 1698 1750 gia
1736 1686 2017 1743 commisti;
2061 1683 2274 1750 giacche
2311 1687 2360 1734 le
2402 1686 2515 1736 loro

1615 1757 1931 1806 mescolanze
1962 1757 2258 1822 acquistano
2295 1759 2313 1807 i
2350 1767 2508 1806 carat-

1615 1830 1706 1878 teri
1743 1829 1986 1894 specifiei.
2044 1825 2224 1878 Percio
2264 1828 2378 1877 dice
2421 1828 2513 1876 che

1614 1900 1777 1966 questi
1805 1901 2098 1962 primordia
2135 1901 2222 1949 noi
2261 1901 2422 1948 cimus
2448 1900 2522 1948 ad

1614 1977 1760 2019 ortus
1793 1967 1960 2035 (212),
2000 1987 2029 2019 e
2073 1969 2187 2020 cioe
2235 1970 2516 2020 lavorando

1615 2042 1665 2090 la
1703 2048 1835 2090 terra
1872 2043 2122 2091 facciamo
2161 2042 2456 2107 sviluppare
2498 2042 2516 2090 i

1616 2114 1743 2164 semi
1783 2113 1917 2164 delle
1953 2114 2143 2179 piante,
2183 2115 2200 2163 i
2239 2114 2380 2179 quali
2425 2130 2519 2180 ap-

1617 2193 1777 2251 punto
1815 2186 1900 2235 nel
1938 2186 2223 2235 rimuovere
2281 2186 2331 2234 la
2389 2193 2521 2235 terra

1615 2265 1828 2307 trovano
1869 2256 2003 2318 altre¹
2036 2257 2339 2307 formazioni
2383 2273 2522 2305 omo·

1616 2344 1792 2391 genoe,
1832 2328 1966 2377 delle
2017 2328 2157 2393 quali
2202 2328 2244 2377 si
2301 2335 2521 2377 nutrono

1615 2415 1706 2465 per
1730 2416 1935 2465 sorgere
1961 2400 2050 2463 poi
2076 2400 2209 2451 fuori
2248 2398 2348 2448 alla
2386 2398 2518 2448 luce.

1688 2482 1804 2533 213.
1853 2472 2001 2520 nulla
2037 2490 2108 2509 =
2143 2486 2264 2519 non.

1683 2554 1806 2604 214.
1853 2542 1914 2591 In
1967 2541 2064 2590 186
2113 2558 2223 2605 sgg.
2278 2540 2310 2589 1'
2335 2544 2396 2590 A.
2436 2540 2520 2588 dal

1616 2621 1789 2678 tempo
1827 2613 1921 2662 che
1947 2613 2172 2678 impiega
2198 2629 2300 2661 una
2341 2614 2520 2677 pianta

1618 2684 1700 2733 nel
1736 2702 1828 2734 suo
1876 2685 2129 2749 sviIuppo,
2181 2684 2248 2731 ha
2309 2684 2520 2733 dedotto

1615 2756 1666 2803 la
1703 2753 1950 2805 necessita
1990 2756 2042 2805 di
2087 2762 2384 2805 ammettere
2421 2754 2517 2803 che

1615 2827 1838 2876 esistono
1869 2828 1889 2883 ‚i
1927 2828 2080 2876 semi:
2139 2841 2192 2874 se
2242 2826 2292 2874 la
2342 2826 2519 2891 pianta

1616 2914 1722 2946 non
1785 2914 1956 2946 avesse
2017 2898 2236 2961 bisogno
2298 2897 2382 2945 dei
2442 2913 2517 2946 se-

1618 2970 1689 3017 mi
1734 2969 1784 3017 di
1837 2970 1918 3018 cui
1965 2969 2276 3017 lentamente
2327 2984 2356 3017 e
2399 2984 2513 3032 pro·

1620 3042 2017 3104 gressivamente
2053 3041 2097 3089 si
2134 3050 2294 3097 nutre,
2335 3047 2516 3089 scatte·

1621 3112 1777 3161 rebbe
1825 3111 1958 3160 fuori
2007 3111 2054 3160 d’
2075 3127 2144 3161 un
2195 3118 2376 3171 tratt03
2433 3128 2518 3159 ma

1617 3190 1940 3247 questonon
1978 3179 2040 3239 ὲ;
2080 3184 2285 3247 dunque
2309 3181 2518 3231 l'aecre-

1617 3254 1865 3303 scimento
1885 3254 2022 3303 della
2040 3254 2216 3319 pianta
2237 3269 2342 3302 non
2369 3253 2519 3301 viene

1619 3326 1702 3373 dal
1741 3324 1900 3375 nulla.
1938 3326 1998 3373 In
2041 3338 2139 3389 199
2167 3340 2196 3373 e
2220 3341 2359 3389 segg.
2389 3323 2515 3373 altra

1619 3396 2086 3461 argomentazione:
2130 3393 2318 3461 perche
2338 3396 2390 3444 lo
2416 3396 2516 3444 svi-

1583 3451 1777 3534 ‘luppo
1828 3468 1871 3516 si
1927 3474 2114 3516 arresta
2171 3482 2202 3515 a
2258 3482 2328 3515 un
2381 3474 2520 3515 certo

1618 3541 1814 3603 punto?
1851 3535 2044 3589 Perche
2081 3538 2321 3587 ciascuna
2344 3538 2517 3602 specie

1611 3611 1835 3675 'dispone
1861 3610 1911 3658 di
1940 3625 2042 3658 una
2068 3609 2278 3659 definita
2306 3608 2544 3681 materia,-
