2917 4275
956 324 1041 367 nn
1086 324 1304 369 amum
1350 325 1632 374 NATURA.
2184 314 2260 385 83

358 454 620 532 corporis
666 454 984 516 officiumst
1028 453 1313 532 quoniam
1358 474 1630 532 premere
1677 453 1879 516 omnia
1928 455 2222 527 deorsum,

359 554 564 605 contra
610 555 808 605 autem
855 556 1066 605 natura
1108 554 1313 605 manet
1356 544 1485 604 sine
1532 545 1799 621 pondere
1848 543 2056 605 inanis,

358 652 499 711 ergo
545 635 708 711 quod
754 643 1094 711 magnumst
1135 652 1327 710 aeque
1367 633 1675 711 leviusque
1720 631 1972 709 videtur,

359 721 656 797 nimirum,
704 725 838 801 plus
884 742 1012 785 esse
1058 721 1172 784 sibi
1219 723 1480 784 declarat
1524 721 1753 782 inanis:

2143 725 2260 798 365

359 820 421 870 at
463 822 670 872 contra
713 811 947 891 gravius
991 814 1126 891 plus
1172 810 1235 871 in
1281 831 1343 871 se
1389 810 1653 889 corporis
1700 830 1827 872 esse

358 899 597 961 dedicat
640 911 700 962 et
743 902 933 962 multo
979 899 1150 962 vacui
1196 900 1394 961 minus
1438 900 1599 961 intus
1644 902 1884 963 habere.

359 999 448 1049 est
492 989 683 1067 igitur,
733 988 1028 1064 nimirum,
1079 990 1142 1049 id
1184 991 1350 1067 quod
1394 989 1623 1050 ratione
1668 987 1859 1066 sagaci

359 1079 710 1155 quaerimus,
758 1079 1087 1140 admixtum
1132 1082 1328 1152 rebuS,
1379 1080 1547 1155 quod
1592 1078 1769 1138 inane
1816 1097 2118 1139 vocamus,

446 1170 601 1229 Illud
646 1167 710 1228 in
755 1168 849 1229 his
894 1170 1075 1229 rebus
1119 1188 1197 1228 ne
1244 1178 1301 1229 te
1349 1169 1651 1229 deducere
1697 1186 1841 1228 vero

431 1469 550 1533 362.
589 1466 853 1534 Proprieta
876 1468 961 1519 del
986 1484 1142 1535 corpo
1170 1466 1199 1518 ὲ
1223 1469 1261 1518 il

357 1556 496 1607 pem,
534 1535 645 1589 cioe
681 1539 731 1588 la
768 1540 1015 1590 tendenza
1049 1556 1195 1591 verso
1217 1541 1257 1590 il

357 1614 523 1661 basso,
563 1611 843 1676 Simplicio,
882 1612 958 1660 ad
983 1612 1146 1662 Arist.
1179 1614 1261 1661 De

361 1683 506 1741 coele,
550 1683 667 1743 269,
711 1697 760 1743 4,
812 1682 1107 1733 attribuisce
1161 1683 1261 1732 tale

363 1754 685 1819 spiegazione
722 1770 752 1802 a
789 1753 1036 1812 Stratone,
1075 1770 1105 1802 a
1139 1754 1259 1819 Epi-

362 1841 498 1883 cum,
521 1825 584 1873 ed
606 1825 765 1873 anche
780 1841 810 1872 a
829 1824 1071 1874 Platone:
1099 1822 1264 1874 ἰστέον

362 1891 420 1945 δὲ
455 1894 531 1944 ὅτι
568 1892 632 1944 οὐ
669 1892 924 1960 Στράτων
947 1892 1106 1958 μόνος
1139 1892 1264 1945 οὐδὲ
1343 1941 1347 1945 .

355 1963 669 2030 Ἐπίκουρος
714 1963 880 2016 πάντα
927 1964 1099 2031 ἒἏεγον
1135 1962 1262 2017 εἶναι

361 2034 422 2087 τὰ
467 2034 685 2101 σώματα
740 2034 908 2103 βαρέα
962 2034 1054 2087 καὶ
1108 2036 1263 2102 φύσει

357 2106 454 2173 μέν
488 2105 571 2159 ἐπὶ
608 2106 666 2159 τὸ
712 2108 860 2159 κάτω
909 2107 1262 2174 φερόμενα,

360 2177 489 2231 ἀλλὰ
525 2178 617 2231 καὶ
654 2178 685 2230 ό
719 2178 948 2231 Πλάτων
972 2176 1082 2231 οἶδε
1107 2198 1263 2245 φερο-

356 2249 520 2318 μένην
543 2249 706 2318 αὐτὴν
727 2250 763 2337 ζ
757 2249 947 2316 ταύτην
960 2248 1053 2317 τήν
1073 2249 1263 2318 δόξαν]

361 2361 372 2373 .
396 2361 406 2372 .
433 2360 446 2373 .
466 2321 657 2389 γράφει
696 2320 755 2374 δε
777 2321 833 2374 ἓν
873 2321 1076 2388 Τιμαίῳ
1112 2321 1260 2373 τάδε·

359 2392 518 2461 [Tim.
579 2396 662 2456 62,
720 2392 784 2460 c.]
840 2391 996 2458 φύσει
1044 2391 1144 2461 γὰρ
1197 2391 1264 2460 δή

357 2483 497 2522 τινας
533 2465 722 2522 τόπους
765 2464 862 2516 δύο
897 2461 1028 2517 εἶναι
1076 2464 1263 2532 διειλη-

359 2535 524 2601 φότας
580 2535 704 2602 διχῇ
750 2534 807 2588 τὸ
847 2541 952 2587 πᾶν
988 2535 1265 2598 ἐναντίους,

359 2605 446 2657 τὸν
480 2605 578 2669 μέν
613 2606 777 2669 κάτω,
810 2605 942 2671 πρὸς
968 2607 1028 2659 δν
1053 2609 1265 2673 φέρεται

356 2677 517 2729 uam?
552 2678 648 2730 ὅσα
689 2698 799 2729 τινα
837 2678 995 2745 ὄγκον
1023 2676 1266 2744 σώματος

359 2747 482 2815 ἔχει,
519 2748 608 2801 τὸν
646 2748 808 2801 &dim
847 2767 950 2801 ecc.

430 2823 550 2887 363.
590 2831 764 2872 manet
809 2845 878 2864 --·-
915 2830 1002 2873 est.
1046 2850 1110 2859 —
1156 2825 1267 2873 sine

351 2896 613 2959 pondere:
649 2911 704 2944 se
728 2894 778 2942 la
799 2901 978 2944 natura
1002 2895 1086 2943 del
1111 2902 1267 2944 vuoto

359 2963 559 3029 (inanis
595 2965 846 3029 genitivo)
884 2962 912 3013 ὲ
949 2981 1099 3015 senza
1124 2982 1262 3031 pes0,

361 3052 470 3087 essa
508 3033 536 3084 ὲ
583 3052 735 3085 causa
785 3037 839 3087 di
888 3036 1180 3100 leggerezza
1217 3038 1266 3086 ai

360 3107 516 3173 corpi.
575 3107 842 3173 Simplicio
880 3107 986 3156 cosi
1024 3109 1266 3157 continua

359 3177 397 3234 il
434 3193 584 3243 passo
615 3194 704 3228 ora
727 3186 1021 3244 apportato:
1050 3175 1142 3228 καὶ
1167 3175 1264 3243 γὰρ

360 3245 451 3298 καὶ
507 3247 564 3298 οἱ
613 3246 703 3306 τὰς
758 3247 984 3312 ἀτόμους
1036 3247 1265 3314 λέγοντες

358 3316 545 3375 ναστὰς
600 3318 760 3376 οὔσας
819 3319 1033 3386 βαρείας
1094 3318 1266 3385 ἔλεγον

359 3388 517 3446 αὐτᾶς
554 3388 646 3442 καὶ
681 3390 880 3458 βάρους
927 3397 1030 3447 τοῖς
1079 3389 1265 3442 συνθέ-

362 3480 462 3517 τοις
501 3460 680 3524 αἰτίας,
720 3462 898 3528 ὥσπερ
935 3462 1266 3529 κουφότητος

360 3530 417 3582 τὸ
453 3533 625 3585 κενόν.

434 3606 552 3669 364.
619 3608 862 3656 videtur:
938 3607 1042 3672 qui,
1120 3622 1265 3656 come

362 3693 535 3742 spesso
572 3678 627 3726 in
664 3677 923 3738 Lucrezio‚
950 3694 1057 3727 non
1087 3698 1108 3721 ι
1135 3695 1266 3728 sem-

2141 1184 2264 1244 370

1365 1471 1459 1520 bra
1501 1489 1543 1528 ι,
1583 1469 1729 1521 bensi
1784 1490 1808 1515 c
1866 1471 1910 1519 si
1958 1468 2177 1528 verifica,
2228 1471 2268 1519 si

1367 1542 1561 1591 ravvisa
1604 1560 1647 1591 ι.

1441 1612 1561 1677 365.
1593 1614 1720 1677 plus
1756 1613 1931 1663 inanis
1969 1610 2110 1678 (gen.
2149 1628 2268 1662 neu-

1371 1683 1496 1746 tro):
1534 1681 1693 1733 πλέον
1742 1681 1897 1734 κενόν
1916 1702 1938 1742 ,·
1992 1698 2138 1733 come
2186 1683 2272 1733 nel

1371 1770 1514 1805 verso
1551 1763 1796 1819 seguente
1834 1756 1986 1804 vacui
2007 1756 2178 1803 minus
2202 1776 2272 1796 =

1369 1824 1578 1876 ἔλαττον
1614 1826 1784 1877 κενόν.

1443 1897 1563 1961 367.
1602 1898 1834 1947 dedicat:
1876 1917 1899 1941 c
1943 1896 2126 1955 indica,
2166 1914 2272 1946 ma·

1371 1969 1558 2020 nifesta
1602 1986 1651 2029 »3
1709 1968 1799 2019 cfr.
1838 1967 2048 2019 Coelius
2098 1984 2272 2033 presso

1370 2040 1559 2100 Noni0‚
1584 2039 1700 2098 280,
1729 2052 1757 2102 7
1790 2061 1813 2085 ι
1841 2040 1996 2102 legati
2012 2055 2113 2102 quo
2132 2041 2276 2087 missi

1369 2120 1511 2172 sunt,
1554 2113 1784 2172 veniunt,
1835 2111 2074 2161 dedicant
2127 2126 2268 2159 man-

1371 2185 1494 2232 data
1535 2203 1579 2232 ι».
1619 2184 1680 2232 In
1719 2184 1789 2233 tal
1826 2181 2111 2247 significato
2136 2182 2179 2230 si
2209 2182 2272 2231 τί-

1374 2261 1514 2303 trova
1551 2270 1737 2305 ancora
1772 2255 1827 2304 in
1865 2257 1905 2314 1,
1943 2265 2049 2316 422
2099 2269 2128 2303 e
2177 2254 2272 2312 1112„

1373 2324 1492 2376 208.
1551 2353 1609 2362 --
1661 2328 1817 2376 vacui
1864 2326 2072 2374 minus:
2119 2324 2153 2372 1·
2170 2325 2272 2374 Ob-

1371 2396 1558 2461 longus
1611 2399 1677 2447 ha
1730 2412 1951 2446 vacuum
1973 2415 1997 2454 ,·
2045 2395 2083 2445 il
2132 2395 2272 2458 Quam

1371 2468 1542 2518 dratus
1578 2470 1781 2518 vacuim
1796 2488 1816 2524 ,·
1840 2468 1956 2518 vedi
1981 2483 2133 2533 sopra
2149 2468 2272 2532 plus

1370 2541 1547 2588 inanis
1586 2557 1614 2590 e
1643 2541 1771 2604 plus
1807 2540 2052 2603 corporis.

1443 2611 1565 2676 369.
1626 2611 1916 2660 admixtum
1978 2612 2127 2659 rebus
2146 2627 2164 2658 .·
2225 2609 2272 2658 la

1374 2682 1469 2732 tesi
1509 2683 1717 2747 dunque
1755 2684 1917 2732 svolta
1962 2697 1991 2730 e
2041 2682 2134 2731 che
2183 2684 2272 2746 qui

1371 2753 1635 2812 conclude,
1674 2747 1704 2800 ὲ
1740 2753 1834 2803 che
1870 2753 1903 2801 1’
1922 2751 2159 2803 universo
2207 2752 2272 2801 ri-

1371 2824 1493 2873 sulti
1527 2825 1579 2873 di
1604 2832 1759 2873 vuoto
1786 2824 2051 2873 interrotto
2078 2823 2143 2872 da
2168 2840 2272 2872 ma-

1372 2896 1516 2956 teria,
1554 2895 1628 2944 sia
1663 2896 1806 2960 quasi
1839 2895 1891 2943 in
1916 2894 2152 2944 ciascuno
2190 2895 2272 2944 dei

1372 2967 1486 3015 suoi
1523 2967 1672 3032 punti
1708 2966 1977 3015 commisto
2030 2966 2082 3015 di
2119 2974 2276 3015 vuoto

1371 3055 1400 3086 e
1440 3038 1494 3085 di
1533 3037 1767 3098 materia;
1806 3053 1853 3100 o,
1894 3052 2039 3087 come
2082 3034 2191 3086 dira
2226 3036 2272 3085 a]

1372 3125 1416 3157 v.
1477 3108 1580 3172 526
1642 3128 1664 3151 c
1706 3117 1833 3157 sunt
1884 3124 2002 3173 ergo
2055 3116 2272 3172 corpora

1372 3187 1511 3228 certa
1554 3180 1692 3239 Quae
1727 3180 1949 3244 spatium
1980 3179 2136 3243 pleno
2151 3187 2272 3244 pos·-

1370 3251 1482 3300 sint
1534 3251 1848 3318 distinguere
1901 3252 2059 3300 inane
2110 3270 2155 3300 ι.
2205 3277 2272 3286 -

1371 3322 1514 3385 quod
1541 3321 1698 3371 inane
1732 3337 2006 3371 vocamus.-
2050 3321 2276 3386 Epicuro

1371 3408 1545 3458 presso
1580 3392 1751 3456 Diog.,
1798 3393 1863 3453 X,
1908 3405 2003 3453 40:
2054 3391 2090 3441 ὅ
2121 3388 2276 3442 κενὸν·

1371 3459 1464 3512 καὶ
1510 3458 1695 3527 χώραν
1742 3459 1834 3513 καὶ
1882 3460 2063 3529 ἀναφῆ
2116 3460 2272 3528 φύσιν

1371 3531 1717 3598 ὀνομάζομεν.

1444 3616 1695 3669 370·377.
1736 3606 2042 3656 Obiezione:
2097 3620 2203 3654 non
2245 3602 2272 3656 ὲ

1374 3677 1660 3728 necessario
1698 3693 1789 3743 per
1824 3676 1863 3726 il
1888 3676 2201 3727 movimento
2237 3678 2272 3726 i]
