2917 4275
964 333 1049 378 DE
1093 333 1311 378 RERUM
1352 333 1634 380 NATURA.
2167 335 2198 396 7
2218 339 2242 378 1

350 478 509 522 cum·
533 459 771 522 fremitu
816 460 1121 539 saevitque
1166 460 1387 523 minaci
1428 480 1731 524 murmure
1779 469 2008 522 ventus,

352 559 493 610 sunt
533 549 709 628 igitur
752 550 935 621 venti,
987 549 1288 626 nimirum,
1334 570 1586 630 corpora
1629 570 1821 625 caeca,

352 658 505 716 quae
535 659 715 714 mare,
764 659 919 718 quae
948 650 1151 716 terraS,
1205 659 1359 718 quae
1403 639 1663 718 denique
1706 639 1914 701 nubila
1955 638 2104 701 caeli

356 738 600 789 verrunt
642 750 713 790 ac
756 729 953 790 subito
997 729 1273 790 vexantia
1316 729 1555 791 turbine
1600 739 1854 808 raptant,

353 834 467 879 nec
509 817 737 879 ratione
782 820 975 879 fluunt
1019 817 1135 879 alia
1180 828 1552 898 stragemque
1597 828 1942 900 propagant,

2129 821 2254 879 280

355 915 417 965 et
459 926 597 967 cum
641 907 839 968 mollis
883 926 1071 984 aquae
1117 909 1299 968 fertur
1344 918 1556 969 natura
1598 918 1845 987 repente

356 995 599 1056 flumine
643 996 990 1071 abundanti,
1038 1015 1224 1073 quom
1270 996 1446 1076 largis
1490 996 1782 1058 imbribus
1827 1005 1996 1076 urget

356 1084 661 1146 montibus
705 1105 781 1146 ex
822 1085 956 1146 altis
999 1105 1250 1166 magnus
1295 1087 1578 1148 decursus
1622 1085 1812 1164 aquai,

351 1173 641 1252 fragmina
684 1173 986 1237 coniciens
1030 1174 1309 1237 silvarum
1355 1178 1712 1255 arbustaque
1757 1184 1926 1251 tota;

357 1423 382 1449 ι
424 1405 508 1454 coi
543 1405 656 1455 suoi
697 1405 813 1456 soffi
850 1405 945 1456 che
981 1405 1249 1456 schiantan

356 1475 407 1525 le
441 1475 577 1526 selve
619 1494 663 1524 ι.

428 1545 549 1608 276.
584 1553 793 1596 ventus.-
832 1547 1060 1613 palmare
1084 1563 1249 1598 corre-

356 1619 503 1668 zione
541 1618 627 1668 del
662 1617 964 1668 Lachmann
1000 1635 1092 1684 per
1120 1625 1252 1682 pon-

358 1695 455 1738 tus.
498 1715 561 1724 —-
602 1690 795 1753 Questa
832 1691 1142 1740 descrizione
1178 1689 1254 1739 lu·

358 1760 590 1810 creziana
617 1758 900 1826 (271·276)
924 1773 1029 1810 non
1054 1762 1253 1812 sembra

357 1848 477 1882 aver
497 1839 735 1897 rapporto
762 1833 814 1881 di
838 1832 1130 1883 imitazione
1155 1847 1255 1882 con

358 1902 529 1968 quella
556 1904 610 1953 di
636 1904 858 1954 Pacuvio
884 1900 1081 1968 (presso
1106 1904 1253 1966 Cic„

358 1975 440 2024 De
476 1973 623 2024 Orat.
648 1973 741 2038 111,
771 1985 853 2039 39,
886 1984 983 2038 157
1010 1975 1075 2025 ed
1100 1971 1253 2037 altri).

360 2045 494 2096 Vedi
518 2061 645 2111 pure
670 2045 722 2094 la
747 2053 994 2112 tempesta
1020 2047 1257 2096 descritta

358 2117 413 2167 in
430 2117 554 2167 Aen.
576 2119 615 2177 1,
640 2115 700 2167 81
724 2133 833 2183 sgg.
861 2133 890 2169 e
907 2117 1001 2178 111,
1029 2129 1127 2180 194
1146 2132 1254 2183 sgg.

430 2198 551 2250 277.
611 2189 859 2239 nimirum
880 2206 897 2237 .·
956 2190 1045 2255 qui
1107 2197 1255 2254 posto

361 2260 499 2326 dopo
530 2260 583 2309 la
608 2260 1015 2320 dimostrazione,
1044 2276 1074 2309 a
1099 2262 1257 2310 deno-

358 2338 467 2381 tare
491 2347 611 2381 cosa
630 2332 880 2382 evidente.
901 2332 1033 2382 Vale
1052 2333 1257 2397 dunque

366 2402 543 2452 «fuor
578 2403 632 2452 di
679 2403 803 2467 ogni
850 2402 1043 2453 dubbio
1096 2421 1140 2451 ι.
1188 2428 1255 2437 -

359 2488 535 2522 caeca:
573 2474 677 2539 qui,
704 2490 851 2525 come
876 2490 1050 2539 spesso
1076 2475 1131 2523 in
1156 2475 1258 2523 Lu·

362 2544 527 2595 crezio
565 2542 593 2593 ὲ
629 2546 685 2595 in
720 2545 1010 2610 significato
1036 2544 1261 2611 passivo,

360 2634 431 2656 =-·-
466 2610 718 2678 ἀόρατασ
752 2616 997 2667 invisibili
1030 2634 1073 2665 ι.
1100 2615 1159 2665 L’
1164 2631 1259 2665 uso

361 2682 391 2735 ὲ
440 2703 565 2752 pure
613 2686 749 2737 della
802 2704 985 2754 prosa
1009 2687 1253 2744 classica;

362 2757 452 2807 cfr.
508 2758 589 2806 De
648 2758 791 2809 Orat.
836 2759 917 2821 -11,
978 2756 1063 2822 87,
1119 2766 1253 2822 357·
1244 2794 1255 2805 .

366 2847 393 2872 α
433 2844 515 2877 res
551 2845 721 2879 caecae
756 2836 806 2878 et
826 2832 887 2879 ab
912 2836 1141 2895 aspectus
1178 2829 1259 2877 iu-

362 2898 489 2948 dicio
526 2906 744 2950 remotae
788 2919 834 2951 n.

435 2970 555 3022 281.
581 2978 654 3022 et:
689 2972 733 3023 si
757 2972 979 3023 riferisce
1006 2990 1037 3023 a
1060 2970 1262 3021 ratione

362 3042 467 3091 alia
488 3059 505 3092 .·
562 3062 588 3089 «r
647 3044 703 3093 in
763 3044 891 3094 altro
952 3044 1108 3095 modo
1166 3042 1263 3093 che

364 3114 621 3179 quando...
655 3132 699 3165 ι.
727 3140 794 3149 —
819 3114 973 3165 Della
998 3117 1152 3165 breve
1177 3115 1264 3164 de-

362 3187 610 3236 scrizione
670 3186 807 3237 delle
862 3186 1107 3237 alluvioni
1168 3186 1263 3235 che

364 3272 521 3323 segue
557 3258 672 3308 vedi
710 3274 779 3307 un
816 3259 1065 3308 riscontro
1092 3258 1146 3306 in
1171 3258 1263 3317 VI,

366 3337 522 3393 729-7
530 3343 615 3393 34.
630 3331 715 3379 La
736 3330 1047 3379 desctizione
1070 3327 1263 3377 dell’al·

366 3400 574 3449 luvione
610 3398 897 3450 nell’Iliade
923 3401 983 3459 V,
1022 3398 1090 3462 87
1124 3414 1263 3463 segg.

367 3472 588 3535 procede
631 3486 729 3522 con
776 3471 829 3521 lo
870 3470 1033 3522 stesso'
1078 3470 1267 3534 svolgi-

366 3550 540 3592 mento
566 3542 619 3591 di
650 3543 889 3608 pensieri‚
916 3559 1061 3592 come
1086 3542 1202 3591 vide
1228 3539 1267 3589 il

368 3612 570 3672 Munro,
608 3614 704 3663 che
739 3612 913 3664 indico
952 3613 1115 3664 anche
1152 3610 1265 3663 altri

371 3684 469 3734 due
506 3685 643 3751 passi
680 3684 822 3736 affini
858 3685 979 3736 dell'
994 3684 1171 3735 Iliade.

1416 1403 1535 1454 282.
1557 1421 1735 1470 quom:
1761 1405 1958 1472 Woltj
1974 1392 2052 1462 er,
2081 1404 2256 1456 Jahrb.

1341 1477 1395 1542 s.
1432 1477 1572 1526 Phil.
1617 1489 1733 1542 119,
1768 1494 1820 1542 p.
1869 1477 1968 1541 763
2026 1477 2046 1527 i
2094 1477 2262 1528 codici

1358 1563 1530 1612 quern.-
1570 1549 1671 1598 Del
1707 1547 1927 1614 Woltjer
1972 1545 2001 1598 ὲ
2037 1564 2162 1614 pure
2207 1547 2262 1598 la

1362 1619 1561 1669 lezione
1597 1626 1760 1684 urget,
1807 1617 1849 1684 (i
1886 1635 2033 1670 mser.
2082 1625 2270 1684 aurget

1358 1709 1391 1740 o
1429 1689 1637 1755 uirget).
1676 1690 1763 1741 Gli
1801 1691 1984 1741 editori
2029 1689 2262 1756 general-

1360 1769 1531 1812 mente
1569 1768 1734 1826 auget.
1781 1763 1856 1812 Le
1898 1762 2154 1813 obiezioni
2179 1760 2267 1812 del

1362 1833 1604 1883 Giussani
1644 1841 1824 1886 contro
1861 1833 1914 1882 la
1951 1832 2150 1884 lezione
2180 1833 2267 1883 del

1360 1903 1595 1970 Woltjer,
1646 1905 1905 1955 obiezioni
1963 1905 2194 1965 tendenti
2234 1921 2266 1954 a

1360 1975 1439 2026 far
1475 1975 1687 2025 rilevare
1715 1975 1810 2024 che
1846 1975 1896 2025 le
1933 1975 2266 2026 inondazioni

1360 2061 1468 2096 non
1505 2062 1728 2112 possano
1777 2047 1899 2096 dirsi
1956 2047 2129 2097 effetto
2181 2047 2266 2096 dei

1361 2118 1572 2170 torrenti
1590 2117 1686 2168 che
1704 2119 1963 2169 scendono
1983 2119 2068 2168 dai
2085 2118 2264 2179 monti,

1360 2187 1509 2240 bensi
1547 2190 1629 2239 dei
1655 2190 1798 2239 fiumi
1822 2189 1960 2241 che·
1945 2206 2263 2255 ingrossanO,

1361 2277 1468 2311 non
1507 2260 1682 2311 hanno
1717 2260 1918 2325 valore;
1957 2278 2002 2312 v.
2043 2262 2108 2311 ad
2142 2260 2266 2327 ogni

1363 2332 1519 2382 modo
1557 2332 1595 2382 il
1632 2333 1855 2383 secondo
1897 2348 2054 2398 passo
2103 2333 2266 2397 vergi-

1362 2404 1505 2453 liano
1533 2403 1672 2453 nella
1697 2411 1821 2454 nota
1845 2410 2104 2471 seguente.
2131 2404 2265 2455 Vedi

1362 2474 1403 2525 il
1451 2482 1624 2525 nostro
1675 2474 1887 2526 articolo
1942 2475 1998 2525 in
2045 2475 2162 2525 Riv.
2212 2475 2269 2525 di

1365 2546 1515 2595 Filol.
1553 2546 1745 2605 XXXI,
1790 2558 1941 2611 1903,
1977 2564 2030 2613 p.
2070 2558 2118 2610 3.

1438 2615 1557 2680 283.
1607 2618 1858 2666 montibus
1905 2633 1968 2665 ex
2016 2618 2178 2669 altis:
2229 2617 2268 2667 il

1364 2689 1551 2738 Mum-o
1607 2689 1778 2738 indica
1816 2690 1944 2737 Aen.
1984 2688 2100 2751 XII,
2145 2696 2263 2752 523,

1364 2759 1462 2809 che
1523 2756 1552 2809 ὲ
1624 2767 1913 2825 opportuno
1984 2760 2265 2824 riportare:

1370 2849 1395 2875 ι
1438 2830 1656 2879 decursu
1704 2831 1884 2893 rapido
1919 2830 1978 2879 de
2013 2830 2269 2879 montibus

1367 2902 1487 2951 altis
1549 2902 1702 2951 Dant
1754 2903 1976 2951 sonitum
2044 2902 2273 2965 spumosi

1368 2988 1544 3022 amnes
1579 2979 1629 3023 et
1669 2975 1726 3021 in
1773 2975 1998 3037 aequoria
2041 2977 2272 3023 currunt

1374 3044 1596 3108 Quisque
1619 3059 1770 3094 suum
1787 3044 2070 3109 populatus
2095 3044 2194 3093 iter
2222 3063 2267 3093 ι.

1368 3116 1750 3181 Aggiungiamo
1769 3114 1934 3165 l’altra
1957 3116 2272 3166 desctizione

1369 3186 1653 3251 vergiliana
1677 3186 2152 3250 dell’inondazione,
2173 3202 2270 3237 ove

1371 3256 1399 3307 ὲ
1424 3257 1644 3323 qualche
1678 3258 1849 3308 colore
1885 3258 2173 3308 lucreziano
2199 3258 2268 3318 11,

1371 3329 1640 3393 305-306:
1693 3349 1716 3373 c
1767 3330 1984 3393 rapidus
2031 3335 2272 3378 montano

1357 3400 1583 3465 flumine
1626 3406 1830 3450 torrens
1849 3401 2068 3450 Sternit
2099 3414 2263 3464 agros,

1372 3472 1560 3520 sternit
1591 3477 1707 3520 sata
1749 3473 1880 3521 lacta
1915 3472 2159 3535 boumque
2196 3472 2273 3520 la·

1372 3544 1516 3591 bores
1547 3542 1954 3609 Praecept‘tesque
1991 3542 2154 3592 trahit
2185 3542 2274 3591 sil-

1373 3628 1467 3663 vas
1506 3631 1552 3663 n.

1448 3682 1568 3747 284.
1620 3684 1902 3749 fragmina
1971 3684 2223 3735 silvarum
2250 3700 2270 3738 .·
