2917 4275
11 593 43 649 90

974 330 1059 372 DE
1104 329 1320 373 RERUM
1366 329 1648 375 NATURA.
2135 331 2259 395 179
2299 298 2303 301 ·

1335 478 1374 514 ὕ

347 564 434 605 me
480 544 704 604 volucri
749 543 863 605 ritu
908 547 1277 605 flammarum
1322 544 1562 606 moenia
1607 546 1817 607 mundi
2094 568 2259 608 1102

347 633 667 711 diffugiant
711 633 907 695 subito
954 654 1234 712 magnum
1281 654 1389 712 per
1432 633 1609 694 inane
1654 638 1864 709 soluta,

343 733 417 782 et
460 741 538 782 ne
584 733 779 783 cetera
820 722 1111 783 consimili
1156 723 1386 784 ratione
1433 735 1772 800 sequantur,

355 830 508 871 neve
545 822 719 872 ruant
763 812 911 872 caeli
956 811 1251 873 tonitralia
1296 814 1523 890 templa
1565 832 1819 890 superne
2094 835 2120 874 1
2139 831 2258 892 105

345 909 629 977 terraque
660 919 722 960 se
768 900 1025 978 pedibus
1067 901 1284 978 raptim
1332 902 1628 962 subducat
1674 912 1735 962 et
1780 900 1976 962 omnis

345 988 512 1049 >inter
548 988 865 1066 permixtas
908 1010 1104 1050 rerum
1152 990 1422 1067 caelique
1468 990 1667 1050 ruinas

352 1097 607 1156 corpora
651 1081 949 1138 solventes
994 1081 1172 1138 abeat
1214 1099 1322 1156 per
1366 1079 1544 1138 inane
1589 1081 1976 1156 profundum,

344 1167 639 1244 temporis
685 1177 750 1227 ut
796 1178 1021 1244 puncto
1067 1167 1151 1226 nil
1197 1178 1355 1228 extet
1398 1166 1796 1244 reliquiarum,

343 1541 487 1589 εἰει-ο
523 1545 802 1589 contenuto
841 1539 927 1589 nei
969 1540 1099 1590 versi
1137 1556 1251 1604 per-

346 1611 497 1659 duti?
559 1610 782 1659 Sarebbe
843 1619 1027 1676 troppo
1087 1611 1247 1674 lungo

341 1688 552 1731 -entrare
589 1698 619 1728 a
646 1682 908 1731 confutare
935 1683 983 1732 le
1008 1689 1249 1747 proposte

353 1752 520 1801 altrui.
558 1752 794 1801 Diciamo
830 1753 846 1801 i
885 1753 1045 1803 nostri
1101 1753 1247 1801 risul-

349 1823 459 1872 tati.
499 1823 744 1874 Lucrezio
781 1825 846 1872 ha
898 1824 1037 1873 detto
1084 1839 1250 1873 essere

347 1893 512 1953 teoria
556 1894 607 1942 di
645 1894 815 1943 alcuni
868 1895 959 1945 che
1010 1902 1140 1944 terra
1187 1895 1250 1943 ed

337 1980 512 2030 >vacqua
548 1965 772 2015 tendano
810 1965 858 2013 al
899 1972 1071 2015 centro
1109 1984 1137 2016 e
1173 1966 1247 2014 in-

350 2052 470 2086 vece
507 2035 611 2087 aria
650 2053 678 2084 e
725 2036 877 2085 fuoco
924 2038 1143 2085 tendano
1193 2037 1247 2085 in

348 2108 468 2157 alto.
508 2110 569 2158 In
608 2109 726 2170 alto,
777 2123 861 2156 ma
910 2106 1247 2158 all’infinito?

341 2180 447 2241 No,
485 2180 660 2229 diceva
685 2179 959 2228 Aristotele
985 2177 1089 2244 (De
1114 2181 1248 2228 caelo

350 2250 440 2309 rV,
479 2265 528 2312 4,
557 2248 640 2314 9):
681 2252 792 2299 sino
820 2247 1132 2315 ειῙΡὲσχατον
1155 2253 1247 2315 τῆς

349 2318 546 2384 χώρας,
586 2318 641 2369 ἒν
676 2317 711 2385 ἦ
747 2325 1011 2370 ποιοῦνται
1050 2316 1144 2386 τὴν
1168 2319 1247 2369 κί-

335 2407 513 2456 νησιν.
571 2392 616 2440 O
672 2392 754 2442 chi
809 2392 1016 2457 impone
1069 2399 1249 2457 questa

350 2461 592 2511 fermata?
624 2462 856 2511 Secondo
885 2464 934 2511 la
960 2463 1118 2514 teoria
1143 2464 1249 2528 epi-

343 2547 501 2581 curea
536 2532 645 2596 (cfr.
689 2535 755 2593 11,
805 2532 903 2594 184
940 2553 969 2584 e
1006 2532 1173 2599 segg.)
1210 2534 1247 2583 il

351 2602 504 2652 fuoco
566 2604 671 2653 sale
732 2620 837 2654 non
898 2622 987 2670 per
1041 2606 1244 2669 propria

349 2682 544 2734 natura,
573 2692 656 2723 ma
681 2692 770 2739 per
794 2676 1017 2740 impulso
1042 2675 1093 2724 di
1120 2676 1247 2726 altro

339 2759 527 2810 corpo:
587 2746 792 2811 quando
848 2746 1248 2811 quest'impulso

350 2831 455 2864 non
492 2812 576 2867 c’e
613 2812 717 2881 piu,
758 2817 795 2865 il
833 2817 984 2867 fuoco
1013 2817 1152 2867 cade.
1181 2818 1247 2870 Se

349 2887 526 2937 invece
565 2888 606 2935 si
644 2904 876 2953 suppone
914 2889 963 2937 la
1001 2889 1245 2938 tendenza

339 2974 381 3006 ta
416 2959 563 3007 salire
597 2957 700 3007 fino
726 2976 755 3007 a
781 2960 873 3008 che
899 2976 1002 3008 non
1028 2960 1246 3010 incontri

348 3029 718 3093 impedimento
755 3029 931 3092 (Arist.
981 3032 1064 3079 De
1112 3032 1246 3079 caelo

347 3099 438 3162 IV,
468 3114 529 3161 4:
563 3096 674 3148 οἷον
701 3098 936 3164 φαίνεται
958 3096 1126 3164 πυρὸς
1149 3097 1246 3164 μὲν

346 3165 405 3219 τὸ
444 3167 599 3233 τυχὸν
633 3168 856 3236 μέγεθος
883 3168 994 3222 ἄνω
1022 3171 1245 3235 φερόμε-

345 3258 453 3301 νον,
492 3239 555 3290 ἄν
590 3239 714 3306 μήτι
752 3239 880 3307 τύχῃ
909 3239 1121 3292 κωλύον
1144 3240 1244 3293 ἕτε-

337 3310 480 3377 ρον),
502 3313 659 3361 allora
673 3310 854 3378 poiche
876 3314 1244 3380 impedimento

342 3399 452 3432 non
488 3380 586 3444 ς’ὲ,
635 3385 674 3432 il
731 3385 885 3434 fuoco
940 3385 1245 3450 suggirebbe

349 3455 437 3504 nel
473 3462 627 3504 vuoto
665 3455 879 3514 infinitO,
922 3472 949 3506 e
976 3455 1081 3506 cosi
1117 3472 1243 3521 pure

347 3525 521 3575 l'etere
569 3524 790 3591 (moenia
840 3525 1045 3592 mundi)
1092 3528 1154 3578 ed
1204 3528 1244 3575 il

339 3596 491 3657 cie10,
530 3598 622 3647 che
654 3612 779 3646 sono
806 3606 1034 3663 appunto
1059 3598 1110 3646 di
1138 3614 1243 3647 ma-

340 3668 474 3717 teria
510 3668 675 3732 ignea.
713 3668 833 3717 Non
871 3669 914 3719 si
962 3665 1066 3735 puo
1114 3669 1241 3718 dun-

336 1257 653 1320 'desertum
701 1266 938 1333 praeter
985 1256 1238 1333 spatium
1286 1266 1352 1316 et·
1390 1255 1717 1334 primordia
1763 1276 1955 1319 caeca.
2091 1278 2116 1316 1
2135 1278 2257 1317 1‘10

1359 1555 1461 1604 que
1498 1554 1744 1604 supporre
1783 1539 1883 1588 tale
1925 1539 2172 1588 tendenza
2208 1540 2260 1588 al

1357 1611 1524 1668 suom,
1563 1626 1627 1658 ne
1648 1610 1855 1658 volucri
1875 1611 1986 1658 ritu
2006 1610 2259 1675 flamma-

1355 1698 1477 1730 rum
1516 1696 1617 1731 ecc.

1433 1767 1453 1801 1
1471 1761 1582 1816 105.
1610 1752 1907 1801 tonitralia:
1936 1750 2078 1801 cosii
2106 1767 2253 1802 mser.

1356 1806 1401 1874 E
1414 1839 1487 1872 un
1501 1820 1642 1880 ἅπαξ
1658 1819 1933 1885 λεγόμενον
1951 1823 2255 1873 lucrezianO.

1355 1894 1556 1943 Niccoli
1595 1909 1818 1943 corresse
1855 1910 2004 1942 senza
2048 1895 2256 1958 ragione

1345 1965 1642 2029 penetralia
1679 1962 1806 2027 (cosi
1846 1964 1885 2012 il
1920 1963 2145 2029 Munro).

1431 2035 1583 2087 1106.
1639 2054 1663 2077 e
1704 2035 1765 2085 Ci
1811 2034 2012 2084 manchi
2068 2042 2200 2085 sotto
2237 2037 2257 2084 i

1354 2107 1493 2173 piedi
1529 2105 1580 2156 la
1617 2113 1747 2156 terra
1789 2124 1831 2168 ι,
1875 2102 1985 2155 οἰοὲ
2026 2127 2050 2150 e
2100 2107 2143 2156 si
2178 2107 2253 2176 di-

1356 2179 1543 2228 sfaccia
1597 2197 1641 2226 2.
1704 2174 1895 2228 Perche
1945 2182 2156 2244 questo?
2207 2183 2253 2231 E

1354 2251 1585 2314 spiegato
1619 2249 1769 2313 dopo,
1806 2262 1933 2298 1111
1967 2265 1994 2298 e
2020 2265 2159 2314 segg.
2189 2250 2255 2299 Se

1354 2318 1383 2369 ὲ
1421 2321 1723 2371 cominciata
1755 2337 1783 2369 a
1812 2333 2045 2370 mancare
2068 2321 2119 2369 la
2146 2338 2253 2370 ma-

1355 2393 1479 2441 teria
1535 2388 1893 2453 all’estremith,
1953 2393 2001 2440 ai
2057 2394 2255 2441 moenia

1353 2464 1553 2518 mundi,
1594 2469 1724 2512 tutto
1760 2463 1800 2510 il
1824 2462 2014 2512 mondo
2040 2464 2258 2512 convien

1353 2535 1446 2583 che
1484 2534 1698 2598 perisca.¹
1734 2534 1779 2582 E
1816 2534 1866 2581 la
1912 2532 2254 2583 dissoluzione

1353 2603 1562 2654 avviene
1617 2605 1673 2653 in
1730 2619 1799 2652 un
1856 2611 2132 2663 momento,
2197 2605 2255 2653 in

1353 2675 1476 2740 quel
1513 2683 1775 2725 momento
1815 2671 1924 2723 cioe
1960 2675 2014 2723 in
2040 2675 2121 2723 cui
2147 2675 2190 2724 si
2224 2673 2254 2723 ὲ

1352 2753 1485 2795 rotto
1523 2747 1678 2811 quell'
1700 2745 1973 2811 equilibrio
2017 2762 2045 2794 e
2082 2746 2253 2811 dispo·

1352 2818 1543 2867 sizione
1579 2818 1631 2866 di
1664 2817 1887 2876 materia,
1917 2817 2009 2865 che
2036 2816 2173 2866 tiene
2198 2817 2255 2865 in
2297 2858 2302 2864 .

1353 2889 1454 2937 vita
1509 2889 1541 2936 1’
1557 2890 1806 2938 universo,
1847 2888 2063 2936 Ordina:
2114 2888 2255 2937 inter

1310 2987 1325 3019 -,
1343 2960 1635 3022 permixtas
1660 2996 1670 3008 .
1689 2994 1701 3007 .
1725 2996 1735 3008 .
1782 2960 1970 3006 ruinas
2006 2959 2255 3007 solventes

1354 3038 1587 3093 corpora,
1614 3036 1756 3079 terra
1783 3030 1946 3077 omnis
1966 3031 2112 3080 abeat
2136 3026 2251 3094 (qui

1353 3100 1489 3150 male
1525 3101 1543 3149 i
1581 3116 1725 3149 mser.
1767 3097 1991 3163 abeant).

1429 3184 1449 3219 1
1466 3170 1578 3221 108.
1617 3179 1864 3235 corpora:
1902 3185 2008 3218 non
2031 3168 2116 3235 gia
2142 3187 2255 3219 cor-

1343 3249 1482 3305 pora
1509 3243 1687 3306 prima
1725 3237 1975 3305 (Munro)‚
2036 3238 2129 3291 che
2176 3242 2251 3290 al-

1350 3313 1458 3361 lora
1484 3328 1588 3361 non
1614 3314 2030 3363 s'intenderebbe
2049 3313 2244 3361 solven-

1352 3391 1441 3439 tes,
1465 3399 1546 3431 ma
1565 3385 1607 3433 si
1627 3383 1981 3450 aspetterebbe
2002 3385 2251 3431 solventes

1349 3455 1407 3503 in
1446 3462 1662 3518 corpora
1680 3474 1704 3514 ,·
1745 3453 1912 3505 bensi'
1946 3454 1995 3503 le
2049 3453 2250 3517 singole

1351 3524 1648 3575 formazioni
1693 3526 1961 3575 mondane.

1427 3609 1579 3657 1109.
1618 3597 1700 3645 nil
1731 3604 1867 3645 extet
1903 3596 2249 3658 reliquiarum

1351 3687 1422 3709 =
1442 3667 1618 3716 nullae
1636 3668 1768 3716 aliae
1786 3674 1962 3716 extent
1980 3665 2259 3729 reliquiae-
