2917 4275
694 299 775 359 66
1323 319 1327 323 >
1353 312 1415 358 τ.
1464 310 1730 357 Lucam-1
1776 313 1944 360 cano

690 439 854 502 haud
897 436 1071 518 igitur
1115 449 1364 518 possunt
1405 440 1484 500 ad
1530 438 1718 502 nilum
1764 459 2039 519 quaeque
2083 441 2315 503 reverti.

690 527 951 608 denique
993 548 1087 589 res
1132 527 1328 590 omnis
1372 529 1585 590 eadem
1631 529 1721 590 vis
1764 548 2059 609 causaque
2103 533 2282 609 volgo

688 619 1023 692 conficeret,
1070 616 1183 678 nisi
1226 618 1502 679 materies
1544 629 1785 679 aeterna
1827 630 2073 693 teneret,

688 707 841 769 inter
886 726 950 767 se
993 726 1151 767 nexu
1197 706 1394 769 minus
1436 717 1540 768 aut
1568 708 1757 787 magis
1800 707 2182 788 indupedita:

2467 691 2604 783 240¹

688 807 879 858 tactus
922 794 1083 857 enim
1128 795 1231 857 leti
1274 796 1414 857 satis
1458 808 1614 858 esset
1656 818 1834 859 causa
1877 799 2181 876 profecto;

689 886 929 965 quippe,
978 885 1084 947 ubi
1128 887 1291 946 nulla
1335 888 1532 947 forent
1574 897 1817 949 aeterno
1861 906 2125 965 corpore,
2175 905 2428 966 quorum

690 984 1036 1036 contextum
1079 973 1170 1034 vis
1215 976 1463 1036 deberet
1508 975 1832 1037 dissolvere
1879 995 2169 1054 quaeque.

688 1074 751 1124 at
793 1082 974 1139 nunc,
1022 1063 1175 1124 inter
1219 1082 1283 1123 se
1328 1064 1470 1142 quia
1513 1083 1701 1125 nexus
1746 1063 2174 1144 principiorum

688 1151 1001 1214 dissimiles
1044 1161 1317 1214 constant
1360 1163 1722 1231 aeternaque
1765 1152 2040 1215 materies
2084 1164 2190 1227 est,

688 1453 851 1505 anche
875 1455 1196 1505 ammettersi.
1219 1454 1301 1503 Ad
1326 1455 1451 1518 ogni
1477 1471 1583 1505 mo·

688 1527 755 1577 do
793 1526 957 1576 siamo
994 1526 1044 1575 al
1080 1533 1305 1591 precetto
1343 1526 1583 1591 epicureo

686 1596 787 1683 (ΡΙ.
824 1598 980 1661 Diog.
1017 1599 1080 1648 L.
1117 1599 1182 1658 X,
1228 1594 1321 1661 39)
1377 1592 1435 1645 τὸ
1485 1599 1590 1646 πᾶν

687 1664 769 1718 αεὶ
792 1671 1027 1717 τοιοῦτον
1045 1662 1112 1732 ἦν
1128 1663 1242 1718 οἷον
1258 1671 1352 1719 νῦν
1370 1663 1477 1717 ἔστι
1494 1663 1587 1718 καὶ

686 1734 768 1789 ἀεὶ
801 1742 1036 1788 τοιοῦτον
1065 1735 1220 1788 ἔσται.
1259 1741 1348 1789 Ma
1384 1734 1441 1787 τὸ
1483 1742 1588 1788 πᾶν

687 1827 793 1861 non
830 1808 859 1860 ὲ
901 1810 940 1859 il
964 1819 1138 1861 nostro
1159 1811 1365 1872 mondo,
1390 1811 1473 1860 cui
1500 1812 1589 1875 qui
1629 1835 1642 1844 ·

687 1881 822 1932 male
857 1881 1023 1932 limita
1059 1882 1179 1948 quel
1217 1891 1449 1932 concetto
1484 1883 1587 1932 Lu·

684 1953 848 2004 crezio
912 1953 1026 2017 (cfr.
1086 1953 1120 2002 1·
1142 1960 1442 2019 argomento
1504 1953 1589 2002 del

688 2040 840 2083 mare,
880 2021 1023 2089 230).

759 2093 879 2159 238.
920 2095 1130 2161 denique
1148 2110 1165 2144 .·
1200 2111 1373 2162 presso
1398 2096 1585 2148 Lucre-

686 2168 766 2219 zio
791 2166 820 2218 ὲ
840 2169 1118 2233 adoperato
1143 2167 1280 2217 nelle
1307 2168 1437 2218 serie
1465 2183 1588 2217 enu-

688 2239 945 2298 merative,
995 2255 1080 2287 ma
1128 2254 1236 2288 non
1285 2238 1339 2288 in
1385 2239 1586 2289 ultimo·

688 2310 821 2361 Vale
879 2311 1084 2374 dunque
1122 2311 1251 2366 dein,
1291 2310 1480 2359 deinde.
1521 2335 1585 2345 —

686 2382 861 2444 volgo:
896 2378 925 2430 ὲ
952 2381 1231 2446 adoperato
1257 2382 1322 2430 da
1341 2381 1588 2432 Lucrezio

685 2469 779 2519 per
842 2471 867 2496 e
906 2460 1337 2510 ‘comunementffi
1410 2452 1589 2502 solita-

686 2531 859 2574 mente
890 2536 944 2582 ις
977 2523 1067 2573 cfr.
1095 2523 1165 2582 ΙΙ,
1198 2531 1331 2586 215:
1369 2524 1509 2573 cadit
1530 2524 1587 2573 in

687 2601 858 2645 terras
909 2594 987 2643 vis
1031 2593 1278 2659 flammea
1327 2594 1474 2658 veiga
1528 2613 1551 2637 a·
1573 2630 1586 2652 ,

687 2676 790 2730 337
833 2685 860 2710 e
904 2682 1007 2714 non
1044 2666 1189 2729 volgo
1218 2666 1379 2730 paria
1426 2666 1586 2720 amni-

687 2739 780 2786 bus
815 2739 986 2786 omnia
1022 2742 1259 2786 constant
1283 2751 1345 2794 »ς
1384 2753 1491 2786 ecc.
1518 2761 1586 2771 —-

687 2808 918 2859 L'eadem
953 2808 1034 2857 vis
1067 2824 1318 2872 causaque
1343 2805 1372 2857 ὲ
1397 2808 1433 2856 il
1457 2824 1587 2858 sem-

685 2880 822 2946 plice
856 2885 1086 2929 contatto
1124 2879 1195 2943 (v.
1233 2878 1377 2943 241).

768 2963 888 3011 240.
946 2951 1241 3013 indupedita
1260 2968 1278 3000 .·
1330 2949 1585 3012 impedita.

688 3022 914 3086 Quindi:
960 3039 984 3063 e
1025 3023 1243 3072 ristretta
1292 3036 1392 3071 con
1441 3038 1586 3086 mag-

686 3094 830 3158 giore
867 3110 899 3142 o
934 3093 1132 3143 minore
1177 3093 1517 3144 connessione
1557 3110 1582 3135 ι

687 3182 719 3215 o
771 3183 796 3209 ε
840 3162 1036 3215 densita
1089 3181 1134 3213 »-
1191 3166 1270 3215 La
1322 3164 1504 3230 parola
1558 3158 1588 3210 ὸ

688 3236 951 3301 frequente
988 3236 1042 3285 in
1079 3235 1339 3294 LucreziO,
1368 3235 1459 3294 lv,
1491 3244 1584 3296 70;

684 3306 776 3366 VI,
813 3315 917 3370 453
949 3323 978 3356 e
1024 3319 1172 3367 1010,
1202 3322 1305 3358 ecc.
1334 3302 1457 3357 Cosi
1482 3307 1582 3356 Lu·

686 3377 851 3428 crezio
887 3377 955 3427 ha
1003 3378 1166 3428 anche
1214 3377 1501 3440 indugredi,
1544 3377 1585 3440 Ι,

687 3446 780 3511 82ς
815 3449 880 3499 ed
904 3449 973 3498 ha
998 3450 1126 3497 indu
1149 3464 1241 3514 per
1259 3450 1315 3497 in
1334 3447 1401 3508 11,
1431 3447 1581 3511 1096,

687 3523 752 3584 V,
785 3532 914 3578 1023
952 3520 1076 3569 endo
1100 3520 1155 3569 in
1179 3520 1269 3582 VI,
1296 3517 1417 3585 890.
1441 3519 1586 3568 Indu

686 3589 716 3640 ὲ
754 3592 997 3643 costruito
1033 3606 1132 3641 con
1167 3590 1311 3644 l’acc.
1348 3608 1379 3642 e
1414 3589 1585 3649 l’ab1.;

686 3664 812 3713 endo
847 3679 946 3715 con
982 3661 1258 3714 l'ablativo.

2466 1169 2585 1230 ²45

1764 1465 1883 1516 241.
1910 1452 2000 1501 leti
2016 1464 2034 1501 .·
2060 1468 2160 1503 con
2179 1469 2350 1506 causa.
2379 1477 2439 1488 —
2468 1453 2596 1503 satis

1691 1530 1816 1574 esset
1865 1540 2021 1573 causa
2041 1540 2058 1571 .·
2116 1543 2141 1568 ε
2184 1525 2484 1575 basterebbe
2529 1526 2593 1574 ad

1697 1611 1861 1647 essere
1907 1613 1955 1644 ι.

1769 1679 1889 1728 242.
1914 1666 2097 1731 quippe
2121 1667 2232 1716 ubi:
2271 1664 2383 1716 οὶοὲ
2410 1667 2594 1731 quippe

1694 1753 1778 1787 eae
1812 1753 1895 1787 res
1933 1738 2022 1786 ubi
2055 1739 2168 1788 vale
2206 1755 2237 1788 a
2264 1739 2371 1788 dire
2397 1740 2453 1787 in
2479 1739 2592 1803 qui·

1693 1810 1813 1858 bus:
1839 1804 2024 1875 poiche
2046 1811 2317 1859 sarebbero
2344 1810 2433 1860 tali
2460 1825 2591 1869 cose,

1695 1880 1832 1931 nelle
1863 1880 2004 1946 quali
2029 1882 2188 1930 niuna
2212 1889 2355 1946 parte
2379 1883 2593 1931 sarebbe

1693 1952 1746 2001 di
1784 1952 1996 2001 materia
2034 1958 2222 2001 eterna.
2263 1977 2328 1987 --
2366 1952 2515 2000 nulla
2564 1950 2593 2001 ὲ

1694 2030 1873 2073 neutro
1922 2022 2136 2087 plurale.
2186 2021 2309 2074 Cosi
2363 2039 2489 2088 pure
2538 2023 2592 2072 in

1694 2094 1761 2159 11,
1803 2092 1925 2158 693.

1766 2177 1884 2230 243.
1910 2164 1987 2214 vis
2012 2182 2262 2230 quaeque:
2303 2181 2403 2216 con
2428 2165 2460 2214 l'
2478 2166 2597 2215 idea

1695 2238 1976 2288 accessoria
2013 2238 2065 2287 di
2104 2238 2241 2287 forza
2298 2236 2461 2287 anche
2500 2237 2594 2286 mi-

1693 2310 1858 2359 nima:
1882 2308 2046 2358 anche
2063 2308 2309 2374 semplice
2329 2316 2589 2371 contatt03

1694 2382 1783 2431 cfr.
1821 2396 1973 2445 sopra
2010 2391 2108 2440 241
2152 2387 2333 2429 tactus.

1765 2464 1885 2512 244.
1920 2456 1981 2499 at
2000 2466 2176 2500 nunc:
2212 2466 2361 2502 come
2385 2451 2438 2500 in
2477 2450 2593 2514 169,

1693 2539 1740 2573 v.
1781 2531 1920 2573 nota.

1767 2602 1885 2657 245.
1924 2593 2186 2644 dissimiles
2210 2599 2479 2643 constant:
2527 2594 2595 2642 ri-

1692 2666 1894 2715 sultano
1949 2666 2002 2715 di
2056 2665 2193 2713 varia
2247 2662 2463 2715 densita.
2525 2689 2592 2700 —

1692 2743 1997 2801 aeternaque
2022 2736 2257 2785 materies
2282 2743 2354 2784 est
2372 2754 2388 2786 .·
2413 2736 2461 2785 le
2486 2736 2591 2786 sin-

1693 2807 1812 2873 gole
1850 2823 1969 2857 cose
2006 2807 2090 2857 del
2143 2808 2335 2858 mondo
2389 2808 2596 2872 dunque

1693 2880 1736 2929 si
1756 2879 2065 2939 dissolvon0,
2088 2880 2290 2944 quando
2318 2880 2595 2928 subiscono

1693 2967 1796 3000 una
1815 2952 1968 3010 forta,
1988 2951 2083 3000 che
2103 2951 2179 2999 sia
2198 2949 2592 3014 proporzionale

1694 3022 1796 3071 alla
1833 3022 1970 3072 forza
2006 3022 2061 3071 di
2098 3022 2337 3071 coesione
2372 3021 2456 3070 dei
2481 3020 2596 3070 loro

1677 3093 1868 3155 atomi,
1907 3110 1993 3142 ma
2028 3093 2102 3157 gli
2140 3093 2299 3141 atomi
2325 3091 2470 3142 stessi
2496 3090 2595 3141 che

1692 3163 1866 3213 hanno
1906 3179 2062 3228 corpo
2117 3163 2299 3221 solide,
2351 3180 2380 3213 e
2418 3160 2595 3230 percio

1693 3250 1800 3284 non
1835 3250 2058 3300 possono
2113 3235 2418 3292 dissolversi,
2465 3250 2595 3285 sono

1694 3305 1881 3357 eterni:
1918 3300 2093 3369 πλήρη
2131 3300 2225 3369 τὴν
2268 3302 2429 3369 φύσιν
2471 3302 2594 3354 ὄντα

1691 3371 1784 3424 καὶ
1806 3371 1920 3440 ,οὐκ
1970 3373 2153 3440 ἔχοντα
2196 3373 2299 3440 ὅπη
2356 3371 2390 3440 ἢ
2446 3373 2594 3431 ὅπως

1692 3438 2059 3511 διἀλυθήσεται
2101 3446 2368 3513 (Epicure,
2417 3463 2594 3512 presso

1690 3519 1845 3584 Diog.
1884 3520 1945 3569 L.
1983 3521 2048 3583 X,
2098 3516 2207 3583 40).
2263 3521 2487 3583 Dunque
2541 3519 2593 3568 le

1690 3590 1888 3656 singole
1914 3607 2033 3641 cose
2058 3607 2163 3640 non
2189 3590 2476 3657 periscono,
2509 3606 2595 3640 ma

1690 3663 1951 3714 ritornano
1986 3658 2126 3728 negli
2165 3661 2324 3713 atomi
2362 3661 2492 3711 loro.
