2917 4275
642 301 724 372 84
1296 314 1357 359 r.
1404 314 1672 359 Lucfflm
1718 314 1886 359 esino

556 435 559 439 ⁴
641 437 846 517 possit,
896 439 1061 516 quod
1105 437 1349 515 quidam
1393 441 1647 518 fingunt,
1695 460 2071 519 praecurrere
2117 461 2314 520 cogor.

638 529 851 589 cedere
897 527 1284 606 squamigeris
1327 528 1532 590 latices
1575 528 1903 591 nitentibus
1946 529 2112 592 aiunt

640 628 700 678 et
744 616 1001 695 liquidas
1044 615 1274 695 aperire
1319 618 1461 691 viaS,
1514 618 1654 696 quia
1697 630 1836 698 post
1880 622 2012 680 loca
2054 620 2244 698 pisces

638 706 931 783 linquant,
981 726 1102 784 quo
1147 707 1379 785 possint
1423 709 1709 769 cedentes
1754 711 2054 770 confluere
2100 710 2340 784 undae3
2425 727 2546 786 375

640 796 723 857 sic
766 795 910 856 alias
956 815 1195 874 quoque
1241 815 1335 856 res
1381 795 1535 858 inter
1581 816 1643 859 se
1689 817 1866 876 posse
1910 798 2138 858 moveri

639 895 699 946 et
745 895 975 945 mutare
1022 886 1240 959 locum,
1292 886 1563 963 quamvis
1608 888 1728 947 sint
1772 887 1974 948 omnia
2020 888 2218 965 plena.

641 973 880 1048 scilicet,
932 974 995 1034 id
1042 976 1186 1034 falsa
1232 984 1423 1035 totum
1470 974 1699 1038 ratione
1744 987 2124 1055 receptumst.

636 1176 807 1220 vuoto.
834 1169 880 1219 11
904 1170 1219 1221 movimento
1245 1168 1350 1236 pub
1375 1187 1541 1222 essere

638 1241 864 1291 scambio
901 1242 954 1291 di
979 1242 1147 1307 posti..
1185 1241 1306 1291 Cosi
1336 1243 1542 1293 nell’ac-

639 1309 741 1379 qua
778 1312 1012 1363 vediamo
1051 1313 1304 1363 muoversi
1340 1314 1358 1362 i
1385 1314 1538 1379 pesci‚

641 1400 836 1449 eppure
872 1399 980 1433 non
1022 1384 1232 1435 lasciare
1288 1384 1451 1434 dietro
1489 1385 1541 1433 di

635 1452 691 1507 se
728 1456 766 1505 il
819 1463 992 1506 vuoto.
1048 1455 1169 1506 Cosi
1225 1456 1541 1521 Empedocle

635 1532 941 1577 ammetteva
978 1527 1015 1575 il
1052 1527 1365 1577 movimento
1392 1544 1542 1578 senza

635 1592 791 1649 vuoto
806 1613 818 1648 ε
839 1594 968 1664 [An]
983 1599 1047 1648 de
1060 1598 1271 1648 Melisso
1293 1599 1535 1664 Xenoph.

634 1669 840 1734 Gorgia,
865 1681 913 1729 2,
934 1686 983 1734 p.
1007 1670 1111 1732 976
1125 1668 1170 1733 b,
1199 1683 1264 1733 23
1291 1690 1315 1715 α
1340 1667 1537 1733 ὁμοίως

633 1740 823 1806 (prima
887 1740 1030 1805 parla
1085 1741 1138 1790 di
1190 1742 1537 1805 Anassagora)

635 1807 694 1861 δὲ
719 1808 812 1861 καὶ
836 1808 867 1860 ὁ
887 1808 1249 1876 Ἐμπεδοκλῆς
1274 1809 1536 1861 κινεῖσθαι

632 1878 730 1948 μὲν
764 1879 850 1933 ἀεί
877 1898 1008 1947 φησι
1034 1881 1410 1948 συγκρινόμενα
1450 1879 1537 1933 τὸν

633 1952 833 2004 ἅπαντα
852 1950 1136 2019 ἐνδελεχῶς
1154 1953 1361 2020 χρόνον,
1383 1951 1538 2004 κενὸν

634 2022 694 2076 δὲ
727 2021 881 2076 οὐδὲν
920 2021 1048 2075 εἶναι
1072 2023 1238 2091 λέγων
1277 2024 1352 2081 ὥς
1387 2046 1410 2069 ι
1443 2030 1536 2076 τοῦ

631 2093 822 2153 παντὸς
860 2094 909 2148 δ’
946 2093 1101 2149 οὐδέν
1137 2096 1333 2148 κενεόν.
1370 2094 1538 2148 πόθεν

633 2165 728 2219 οὖν
763 2167 816 2219 τί
846 2166 902 2218 κ’
939 2166 1149 2219 ἐπέλθοι
1163 2189 1185 2227 ,·
1219 2187 1263 2219 ιι.
1303 2171 1537 2220 Secondo

638 2241 706 2290 tal
743 2241 979 2304 dotti-ina,
1017 2242 1110 2299 che
1137 2241 1194 2289 fu
1220 2242 1420 2305 seguita
1445 2257 1534 2289 an-

633 2313 728 2363 che
759 2313 824 2360 da
849 2312 980 2373 altri,
1005 2312 1049 2361 si
1075 2320 1381 2363 ammetteva
1405 2312 1534 2361 dun-

633 2400 737 2449 que
772 2384 866 2434 che
904 2384 1040 2435 nella
1076 2383 1325 2433 divisione
1374 2383 1425 2431 di
1466 2400 1537 2432 un

618 2471 789 2522 §corpo
826 2472 933 2506 non
970 2455 1245 2505 rimanesse
1293 2462 1446 2503 vuoto
1484 2455 1536 2503 lo

632 2527 803 2592 spazio
860 2527 1179 2588 intermedio,
1237 2523 1341 2574 cosi
1392 2541 1536 2575 come

632 2599 839 2663 quando
877 2598 894 2646 i
932 2596 1072 2663 corpi
1099 2597 1142 2646 si
1169 2612 1424 2646 muovono
1450 2598 1536 2646 nei

632 2669 830 2734 liquidi,
870 2670 922 2719 lo
967 2669 1137 2735 spazio
1192 2668 1258 2716 da
1312 2668 1412 2717 essi
1461 2668 1535 2717 la-

632 2741 791 2789 sciato
829 2757 934 2790 non
981 2741 1176 2789 rimane
1225 2746 1397 2788 vuoto.
1436 2741 1535 2789 Ac-

631 2826 794 2861 cenna
830 2829 861 2860 a
887 2811 957 2862 tal
982 2811 1205 2860 dottrina
1241 2810 1534 2869 Aristotele,

633 2883 805 2946 Phys„
832 2884 921 2943 IV,
944 2893 999 2945 7:
1025 2879 1132 2944 ἅμα
1153 2878 1250 2946 γὰρ
1276 2878 1535 2945 ἐνδέχεται

631 2949 891 3013 ὑπεξιέναι
927 2950 1181 3018 ἀλλήλοις,
1217 2950 1430 3007 οὐδενὸς
1455 2950 1536 3002 ὅν-

632 3040 718 3079 τος
744 3021 1089 3089 διαστήματος
1110 3027 1373 3088 χωριστοῦ
1391 3019 1536 3087 παρὰ

631 3094 693 3145 τὰ
729 3093 947 3158 σώματα
984 3091 1046 3145 τὰ
1094 3093 1391 3159 κινούμενα.
1444 3092 1537 3144 καὶ

630 3170 784 3216 τοῦτο
820 3165 979 3233 δῆλον
1032 3163 1124 3216 καὶ
1171 3163 1227 3216 ἒν
1277 3171 1386 3222 ταῖς
1430 3169 1537 3215 τῶν

632 3241 869 3303 συνεχῶν
906 3236 1088 3300 δίναις,
1137 3235 1314 3302 ὥσπερ
1351 3234 1441 3287 καὶ
1481 3233 1536 3286 ἕν

631 3314 743 3365 ταῖς
778 3312 884 3359 τῶν
929 3307 1123 3374 ὗγρῶν.

703 3394 824 3445 370.
862 3382 1003 3431 illud
1030 3383 1088 3435 in,
1125 3383 1204 3431 his
1247 3382 1434 3430 rebus:
1484 3380 1535 3429 lo

631 3461 791 3504 stesso
842 3453 1097 3520 principio
1146 3453 1241 3502 che
1278 3453 1327 3501 al
1363 3468 1409 3502 v,
1449 3449 1533 3501 80.

630 3526 828 3576 Illud...
859 3534 1237 3590 praecurrere:
1293 3544 1316 3568 c
1358 3538 1534 3588 preve-

631 3596 742 3646 nire
779 3595 952 3661 quella
989 3594 1292 3644 obbiezione
1333 3614 1380 3643 ι».

705 3678 823 3731 372.
862 3668 1036 3716 latices
1060 3684 1078 3715 .·
1131 3685 1154 3709 ι
1197 3666 1247 3715 le
1286 3681 1446 3731 acque
1489 3685 1533 3727 ι,

1648 1188 1795 1222 come
1832 1172 1886 1221 in
1923 1174 1962 1232 Ι,
2004 1182 2137 1237 379;
2176 1172 2240 1235 V,
2267 1171 2396 1222 262:
2428 1190 2451 1216 α
2477 1173 2551 1220 Ια-

1649 1246 1769 1294 tices
1806 1259 2021 1292 manare
2049 1244 2299 1308 perennis
2339 1262 2362 1286 ι
2390 1260 2402 1303 ;
2456 1244 2551 1305 ΙΙΙ,

1647 1324 1779 1380 435;
1838 1335 1860 1358 c
1902 1315 2101 1364 laticem
2156 1315 2406 1363 discedere
2448 1331 2553 1363 cer-

1649 1389 1732 1436 nis
1768 1405 1812 1436 ».
1850 1388 2029 1435 Presso
2054 1386 2302 1436 Lucrezio
2325 1386 2551 1451 dunque,

1648 1458 1855 1523 quando
1891 1472 1989 1507 con
2020 1458 2194 1506 latices
2224 1471 2329 1506 non
2355 1451 2384 1505 ὲ
2409 1457 2554 1506 unito

1648 1528 1778 1578 altro
1827 1527 2072 1594 genitivo,
2122 1543 2234 1578 esso
2280 1528 2468 1578 denota
2503 1528 2554 1579 le

1645 1615 1821 1665 acque,
1861 1594 2112 1660 salvoche,
2160 1598 2550 1659 naturalmente,

1646 1671 1682 1719 i1
1720 1670 1946 1735 genitivo
1984 1686 2090 1719 non
2138 1671 2181 1719 si
2238 1670 2554 1720 sottintenda

1646 1742 1781 1792 dalle
1818 1741 1992 1807 parole
2043 1741 2351 1807 precedenti,
2406 1757 2554 1792 come

1645 1814 1699 1862 in
1736 1813 1801 1871 11,
1842 1812 1971 1876 656:
2017 1833 2040 1856 ε
2082 1814 2131 1861 si
2165 1814 2332 1875 quis...
2359 1813 2555 1861 Bacchi

1646 1886 1850 1933 nomine
1884 1884 2031 1932 abuti
2063 1877 2272 1933 Mavolt
2293 1900 2448 1947 quam
2476 1884 2550 1931 la-

1645 1955 1758 2004 ticis
1788 1956 2066 2018 proprium
2107 1954 2356 2021 proferre
2402 1971 2550 2014 τρια-

1645 2042 1760 2074 men
1791 2044 1834 2074 ι.
1862 2051 1927 2059 -
1954 2027 2292 2090 squamigeris
2311 2044 2327 2074 :
2365 2026 2551 2091 adope-

1645 2105 1754 2147 rato
1790 2096 2239 2147 sostantivamente
2277 2113 2368 2163 per
2408 2117 2429 2140 e
2462 2112 2550 2162 pe-

1644 2169 1717 2218 sci
1759 2188 1802 2227 ‚‚
1848 2168 2114 2234 frequente
2162 2168 2217 2218 in
2264 2169 2545 2229 Lucrezio;

1644 2240 1735 2290 cfr.
1763 2242 1801 2298 1,
1835 2239 1949 2299 162,
1978 2238 2109 2303 378;
2135 2240 2203 2300 11,
2232 2252 2351 2304 343,
2384 2237 2549 2303 10833

1645 2312 1687 2361 si
1723 2311 1910 2360 ritrova
1947 2311 2109 2360 anche
2155 2311 2211 2359 in
2252 2311 2435 2370 Plinio,
2475 2312 2549 2360 N.

1645 2383 1716 2433 H.
1764 2396 1784 2431 1
1801 2396 1842 2442 ¹,
1882 2391 1965 2446 37,
2006 2391 2089 2445 50-

1717 2467 1838 2517 373.
1893 2461 2017 2517 post
2069 2454 2178 2501 loca
2227 2454 2393 2517 pisces
2448 2454 2549 2503 lin·

1646 2533 1813 2588 quant
1827 2541 1844 2574 .·
1877 2526 1986 2573 loca
2014 2520 2043 2572 ὲ
2062 2539 2181 2588 ogg.
2199 2525 2253 2573 di
2272 2525 2552 2588 linquant,-

1635 2599 1773 2661 post’
1800 2593 1827 2644 ὲ
1864 2595 2119 2645 avverbiO.

1717 2678 1836 2733 375.
1875 2668 2013 2716 inter
2038 2682 2089 2715 se
2106 2675 2256 2731 posse
2287 2668 2483 2716 moveri
2504 2675 2554 2717 et

1645 2746 1847 2788 mutare
1884 2739 2046 2786 locum
2065 2754 2082 2785 :
2119 2739 2258 2787 inter
2286 2754 2339 2786 se
2363 2738 2407 2786 si
2432 2738 2550 2787 rife-

1644 2809 1771 2859 risce
1827 2809 1989 2858 anche
2037 2825 2067 2857 a
2121 2815 2325 2857 mutare
2383 2809 2548 2857 locum

1650 2899 1673 2923 t
1714 2879 2008 2930 scambiarsi
2046 2888 2195 2945 posto
2233 2898 2276 2928 ι.
2304 2878 2409 2928 Cfr.
2436 2880 2548 2928 Ari-

1645 2952 1827 3002 stotele
1862 2951 1949 3001 nel
1985 2966 2134 3016 passo
2175 2966 2327 3016 sopra
2378 2950 2547 3014 citat0,

1643 3023 1796 3086 Phys.
1837 3024 1926 3081 IV,
1967 3032 2024 3084 7.
2072 3017 2409 3071 ἀλλοιοῦσθαι
2450 3018 2550 3087 γὰρ

1643 3089 1700 3142 τὸ
1735 3090 1926 3158 πλῆρες
1971 3090 2250 3158 ἐνδέχεται,
2300 3087 2430 3142 ἀλλὰ
2481 3089 2547 3158 δὴ

1641 3160 1766 3215 οὐδὲ
1803 3160 1895 3230 τὴν
1943 3161 2079 3215 κατὰ
2129 3161 2286 3214 τόπον
2323 3161 2545 3229 κι’.νησιν

1641 3233 1750 3298 ἅμα
1767 3232 1866 3300 γὰρ
1891 3231 2150 3301 ἐνδέχεται
2177 3232 2438 3294 ὑπεξιέναι
2463 3231 2550 3284 ἄλ-

1639 3303 1829 3371 λήλοις.

1712 3389 1831 3443 377.
1871 3379 2090 3428 scilicet:
2154 3378 2430 3444 adoperato
2486 3379 2551 3427 da

1641 3450 1886 3500 Lucrezio
1924 3450 1988 3498 ad
2027 3450 2310 3499 introdurre
2347 3464 2419 3498 un
2456 3465 2550 3499 suo

1642 3522 2025 3585 regionamento
2084 3537 2117 3569 ο
2177 3520 2543 3571 conclusione:

1644 3613 1667 3637 c
1711 3599 2019 3644 certamente
2046 3610 2101 3653 »;
2130 3594 2185 3641 in
2203 3593 2241 3651 Ι,
2269 3605 2367 3654 901
2400 3593 2547 3658 quasi

1640 3679 1784 3715 come
1806 3665 2022 3730 tisposta
2047 3664 2391 3714 affermativa:
2425 3683 2448 3707 c
2484 3661 2546 3723 si,
