2917 4275
898 341 982 384 m:
1020 343 1237 387 RERUM
1282 345 1562 389 NATURA.

2064 331 2186 408 165

253 487 455 530 omne
500 468 663 543 quod
708 477 798 526 est
843 465 1115 545 spatium,
1166 467 1348 547 siquis
1395 481 1704 556 procurrat
1749 471 1827 530 ad
1873 490 2010 532 oras

258 556 517 618 ultimus
563 566 851 616 extremas
894 555 1187 634 iaciatque
1232 559 1472 618 volatile
1517 561 1724 633 telum,

178 706 183 710 .
256 647 331 707 id
382 644 593 705 validis
639 655 835 705 utrum
884 656 1225 707 contortum
1271 647 1496 708 viribus
1539 648 1625 708 ire

2053 577 2184 638 970

257 751 396 813 quo
444 733 619 794 fuerit
662 733 907 794 missum
952 735 1139 794 mavis
1182 737 1484 814 longeque
1529 739 1747 810 volare,

254 844 350 884 an
397 823 715 901 prohibere
758 822 987 900 aliquid
1032 843 1241 884 censes
1285 827 1641 903 obstareque
1686 827 1905 902 posse?
1989 891 1991 894 Α

254 914 619 974 alterutrum
664 911 897 972 fatearis
943 912 1103 973 enim
1149 932 1465 992 sumasque
1509 925 1824 976 necessest.

264 1020 529 1078 quorum
572 1011 891 1078 utrumque
922 1000 1032 1062 tibi
1063 1002 1341 1080 effugium
1373 1003 1704 1080 praecludit
1735 1015 1794 1064 et
1823 1023 2003 1065 omne
2052 1019 2128 1082 97
2145 1019 2177 1082 5

264 1089 433 1168 cogit
478 1100 544 1150 ut
590 1100 867 1168 exempta
911 1092 1206 1150 concedas
1250 1094 1370 1151 fine
1418 1102 1640 1170 patere.

262 1197 412 1238 narn
458 1178 582 1238 sive
629 1189 719 1239 est
761 1177 987 1256 aliquid
1023 1181 1185 1256 quod
1232 1182 1487 1258 probeat
1532 1180 1866 1260 efficiatque

258 1287 397 1344 quo
440 1267 625 1328 minu’
672 1286 793 1343 quo
838 1267 1140 1328 missumst
1185 1268 1383 1329 veniat
1426 1268 1653 1347 finique
1697 1272 1859 1330 locet
1895 1289 1980 1344 se,

257 1356 393 1416 sive
438 1358 595 1416 foras
640 1358 839 1426 fertur,
890 1376 1015 1416 non
1061 1367 1151 1417 est
1194 1377 1231 1417 a
1274 1359 1393 1416 fine
1439 1361 1794 1436 profectum.

260 1447 389 1506 hoc
433 1456 609 1522 pacto
657 1464 869 1522 sequar
912 1456 1109 1523 atque,
1159 1465 1293 1506 oras
1338 1446 1702 1524 ubicumque
1747 1447 1958 1508 locaris
2052 1449 2186 1527 980

259 1544 581 1606 extremaS,
631 1553 915 1610 quaeram
962 1533 1110 1612 quid
1155 1537 1276 1595 telo
1324 1535 1588 1614 denique
1631 1538 1750 1598 fiat.

266 1624 374 1683 fiet
419 1623 506 1682 uti
552 1642 849 1699 nusquam
894 1622 1085 1702 possit
1129 1623 1450 1684 consistere
1497 1625 1650 1698 finis,

261 1711 673 1789 effugiumque
718 1713 891 1789 fugae
935 1714 1193 1790 prolatet
1238 1712 1411 1792 copia
1455 1733 1710 1792 semper.

264 1971 395 2025 <Iera
431 1976 574 2035 oltre,
601 1975 652 2025 al
689 1975 740 2024 di
778 1971 829 2023 Ῑὲ
864 1974 948 2024 del
984 1991 1175 2041 suppo-

266 2052 349 2096 sto
374 2046 539 2096 limite
568 2047 617 2097 vi
646 2044 758 2096 sara
782 2043 966 2095 'ancora
1002 2054 1171 2111 νηοῖο,

266 2133 328 2169 se
364 2116 533 2168 urtera
568 2125 746 2168 contro
785 2117 1001 2183 qualche
1058 2133 1175 2169 cosa

270 2190 319 2237 vi
365 2186 477 2239 sara
513 2205 698 2239 ancora
734 2189 961 2239 materia.
1015 2216 1075 2225 —-
1129 2192 1179 2239 si

263 2261 371 2309 iam
390 2277 407 2309 .-

266 2338 445 2381 mento

460 2281 485 2305 ι
528 2275 779 2309 ammesso
822 2276 914 2325 per
956 2276 1027 2309 un
1066 2276 1171 2309 mo-

479 2350 498 2371 ·
524 2348 535 2391 ;
562 2348 608 2381 v.
638 2332 690 2380 la
716 2338 835 2380 nota
859 2331 944 2381 del
968 2332 1171 2381 MunrO.

344 2412 464 2463 970.
502 2403 752 2451 ultimus:
802 2398 989 2467 perche
1034 2398 1063 2450 ὲ
1103 2404 1181 2451 ad

267 2488 391 2520 oras
452 2479 747 2533 extremas;
807 2472 897 2523 cfr.
965 2474 1173 2523 ultimos

266 2543 461 2591 divisos
498 2544 613 2591 orbe
648 2544 975 2595 Brittannos.

344 2623 465 2675 971.
504 2614 565 2662 id
594 2615 813 2664 validis:
853 2615 892 2664 il
914 2614 1172 2664 Lambino

241 2700 366 2750 ,per
411 2684 677 2733 invalidis.
726 2712 793 2721 —
845 2693 1135 2735 contortum
1152 2702 1171 2734 .·

274 2755 314 2804 il
366 2754 523 2803 dardo
579 2756 823 2819 scagliato
878 2771 976 2805 con
1032 2756 1170 2806 forza

271 2841 393 2892 pare
431 2826 524 2876 che
561 2826 603 2875 si
641 2834 877 2877 contorca
912 2828 1076 2892 prima
1113 2828 1166 2876 di

269 2911 517 2957 scoccare,
556 2913 583 2946 e
620 2898 781 2959 guizzi
817 2898 909 2963 poi
942 2898 1171 2948 nell'aria

268 2967 603 3018 tremolando.
642 2966 819 3017 Percio
869 2977 1106 3031 torquere
1142 2966 1171 3017 ὲ

272 3038 426 3089 verbo
464 3039 672 3104 proprio
722 3056 813 3104 per
857 3039 909 3089 le
944 3039 1072 3088 armi
1107 3039 1172 3088 da

269 3115 443 3175 gett03
484 3110 575 3159 cfr.
604 3109 751 3159 Ovid.
777 3111 903 3159 Met.
931 3110 1020 3169 IV,
1047 3120 1169 3173 709,

270 3180 387 3243 XII,
426 3194 512 3245 99,
551 3180 667 3238 XII,
707 3192 825 3245 323.

341 3263 459 3313 972.
520 3254 681 3309 mavis
698 3269 716 3300 .-
771 3272 795 3295 e

272 3328 417 3382 tosto,
456 3323 599 3388 opini
642 3342 686 3374 ι.

342 3403 461 3458 975.
528 3396 771 3459 effugium
840 3394 1169 3459 praecludit:

282 3482 305 3506 ι
342 3479 444 3512 non
471 3465 508 3514 ti
545 3465 702 3515 lascia
726 3465 807 3514 via
831 3466 884 3514 di
922 3465 1080 3515 uscita
1111 3481 1167 3526 »3

271 3532 363 3583 cfr.
402 3534 499 3600 875
541 3536 791 3585 latitandi
811 3537 955 3601 copia
987 3537 1167 3587 tenvis.

278 3629 342 3640 —-
412 3622 589 3655 omne:
668 3627 691 3651 e
758 3607 791 3655 l’
816 3607 1067 3667 universo,
1131 3604 1169 3656 il

274 3680 405 3727 tutto
448 3694 495 3725 ι.

847 3252 985 3303 credi
1030 3251 1169 3317 piut-

1355 1987 1486 2039 977.
1543 1979 1790 2042 probeat:
1873 1978 2186 2041 prohibeat,-

1282 2047 1387 2097 cosi
1431 2048 1486 2097 in
1522 2049 1617 2112 111,
1657 2047 1761 2109 864
1797 2048 1835 2096 il
1881 2049 2185 2098 Lachmann

1283 2119 1454 2185 ripose
1490 2122 1687 2183 probet.
1733 2146 1798 2155 ——-
1857 2119 2147 2185 efficiatque
2164 2137 2186 2169 .·

1283 2191 1431 2240 molti
1480 2191 1660 2240 editori
1711 2198 1922 2240 mutano
1971 2191 2025 2239 in
2063 2192 2184 2255 offi-

1282 2263 1482 2327 ciatque
1525 2278 1616 2327 per
1658 2263 1740 2311 via
1775 2262 1860 2312 del
1907 2258 2188 2325 quominus

1282 2334 1375 2384 che
1402 2348 1574 2396 segue.
1615 2334 1701 2382 Ma
1728 2334 1928 2398 efficere
1952 2332 2035 2382 col
2060 2349 2190 2397 quo·

1280 2405 1453 2453 minus
1493 2404 1537 2453 si
1574 2410 1715 2453 trova
1751 2404 1913 2453 anche
1944 2403 1999 2453 in
2038 2404 2187 2454 Livio

1280 2474 1371 2534 IV,
1419 2487 1504 2537 31,
1545 2484 1573 2539 5
1617 2492 1644 2525 e
1692 2475 1802 2524 Lex
1849 2474 1954 2525 Col.
2013 2475 2183 2524 Genet.

1193 2553 1197 2557 ’
1281 2547 1349 2605 11,
1406 2558 1455 2608 4,
1522 2556 1550 2607 7
1608 2561 1754 2595 corne
1817 2543 1904 2609 gia
1962 2541 2086 2593 noto
2146 2545 2186 2594 il

1280 2616 1484 2675 Munro,
1525 2617 1618 2667 che
1653 2612 1779 2682 pero
1818 2612 2011 2665 accetto
2047 2615 2081 2664 l'
2102 2616 2183 2681 qs-

1265 2686 1425 2751 ficiat
1457 2688 1544 2737 del
1581 2687 1852 2736 Lambin0.

1288 2808 1302 2827 ,
1356 2756 1476 2819 978.
1510 2759 1742 2821 finique:
1784 2778 1807 2803 ι
1853 2758 1904 2807 al
1934 2771 2093 2820 segno
2135 2776 2182 2807 ι.

1276 2828 1321 2877 Ε
1358 2844 1429 2876 un
1472 2830 1640 2878 antico
1676 2830 1894 2879 locativo
1941 2829 1995 2877 in
2032 2827 2068 2879 i.
2119 2828 2182 2877 In

1282 2897 1388 2961 876ἲ
1423 2915 1452 2949 e
1492 2912 1595 2963 979
1617 2901 1735 2965 fine
1773 2898 1800 2948 ὲ
1840 2899 1942 2950 abl.

1352 2969 1472 3031 980.
1510 2987 1736 3035 sequar.-
1781 2970 1870 3035 qui
1908 2968 1994 3018 nel
2030 2984 2182 3019 senso
2238 3018 2244 3027 ,

1280 3040 1333 3089 di
1368 3062 1391 3085 ι
1424 3041 1721 3091 continuare
1752 3060 1774 3083 ι
1805 3057 1953 3090 come
1977 3039 2031 3089 in
2056 3041 2178 3102 962.

1284 3138 1343 3147 ·-
1384 3113 1574 3161 locaris
1591 3128 1610 3160 .·
1645 3112 1908 3161 locaveris.

1350 3181 1474 3244 981.
1533 3183 1628 3232 telo
1647 3199 1665 3231 .·
1719 3182 1820 3232 abl.
1873 3198 1971 3233 eon
2027 3181 2182 3249 fieris:

1282 3272 1305 3297 ι
1350 3254 1443 3303 che
1493 3269 1611 3303 cosa
1658 3250 1769 3302 sara
1805 3253 1958 3306 del..
1983 3289 2008 3309 .,
2037 3271 2083 3303 ⁸.
2135 3254 2180 3303 E

1280 3338 1372 3373 uso
1420 3324 1632 3374 classico
1683 3325 1842 3375 anche
1899 3325 1953 3374 in
2010 3339 2175 3389 prosa.

1278 3420 1345 3429 -—
1370 3396 1512 3459 fiat:
1547 3395 1586 3444 il
1623 3411 1770 3445 mser.
1809 3396 1894 3445 del
1929 3394 2106 3454 Nicc.;
2158 3392 2178 3443 i

1277 3465 1498 3515 leidensi
1527 3467 1631 3526 fiet,
1669 3482 1763 3532 per
1796 3466 2044 3532 equivoco
2079 3478 2179 3513 con

1277 3536 1327 3585 la
1361 3536 1539 3601 parola
1575 3544 1839 3602 seguente.

1348 3607 1469 3671 983.
1510 3604 1636 3657 Cice
1673 3608 1816 3673 copia
1837 3606 2021 3671 fugae
2045 3602 2098 3671 (e
2129 3603 2184 3654 la

1277 3676 1566 3744 possibilita
1619 3678 1673 3728 di
1728 3678 1932 3742 suggire
1985 3676 2051 3726 ad
2105 3690 2186 3726 uu
