2917 4275
981 293 1065 336 m:
1111 293 1329 338 RERUM
1372 293 1654 342 NATURA.

2195 285 2272 342 61

324 416 429 484 ‘ut
475 419 675 500 potius
720 418 922 482 multis
966 418 1311 482 communia
1356 437 1607 498 corpora
1649 419 1827 480 rebus
1897 466 1902 472 .

364 513 553 571 multa
596 520 773 589 putes
818 528 964 584 esse,
1015 519 1084 570 ut
1128 507 1326 572 verbis
1372 511 1672 586 elementa
1715 507 2002 584 videmuS,

364 619 543 679 quam
592 599 720 660 sine
766 596 1071 678 principiis
1116 600 1299 658 ullam
1343 617 1471 659 rem
1517 596 1768 658 existere
1815 618 2011 682 posse.

365 688 629 774 denique
675 693 781 750 eur
824 686 1099 749 homines
1145 697 1343 764 tantos
1390 697 1601 748 natura
1644 707 1850 767 parare

364 797 487 839 non
534 777 749 857 potuit,
783 777 1041 856 pedibus
1085 775 1189 855 qui
1225 786 1480 856 pontum
1525 795 1632 854 per
1661 772 1816 837 vada
1860 788 2103 856 possent
2154 797 2277 838 200

366 867 614 928 transire
661 877 721 927 et
765 887 1016 944 magnos
1048 866 1327 927 manibus
1372 865 1660 926 divellere
1703 866 1925 927 montis

364 958 673 1033 multaque
716 955 977 1017 vivendo
1023 954 1225 1038 vitalia
1268 954 1509 1017 vincere
1555 956 1768 1030 saecla,

370 1044 419 1106 si
462 1064 607 1121 non,
652 1043 927 1106 materies
973 1043 1114 1122 quia
1142 1047 1324 1106 rebus
1368 1043 1607 1105 reddita
1651 1053 1868 1105 certast

366 1132 706 1212 gignundis,
758 1153 793 1194 e
839 1153 959 1211 qua
1003 1143 1237 1195 constat
1282 1133 1431 1212 quid
1477 1131 1668 1212 possit
1713 1133 1900 1194 orin‘?

366 1223 452 1283 nil
496 1223 675 1302 igitur
719 1222 846 1283 fieri
890 1223 968 1285 de
1013 1221 1138 1283 nilo
1183 1243 1363 1302 posse
1409 1223 1813 1298 fatemdumst,

2157 1241 2277 1303 205

366 1311 593 1374 semine
639 1312 882 1390 quando
936 1329 1090 1389 opus
1139 1322 1231 1373 est
1290 1313 1489 1387 rebuS,
1536 1329 1658 1391 quo
1720 1331 1992 1391 quaeque
2049 1323 2282 1374 creatae

368 1579 603 1638 dottrina.
630 1578 919 1642 precisione
956 1578 1265 1638 scientifica;

368 1651 481 1701 anzi
520 1667 669 1701 cozza
706 1667 806 1700 con
841 1650 893 1700 la
939 1650 1269 1702 conclusione

368 1723 452 1774 del
494 1740 540 1772 v.
585 1735 700 1786 191.

440 1806 559 1842 200.
603 1801 700 1854 per
746 1793 881 1842 vada
900 1809 917 1840 .·
974 1809 1064 1858 per
1114 1794 1270 1843 cotali

369 1865 569 1930 giganti
596 1864 760 1915 anche
783 1864 1034 1915 l’Oceano
1057 1866 1270 1915 sarebbe

372 1937 493 1986 facil
532 1935 719 2001 guado·
1289 1955 1301 1981 ι

441 2019 563 2062 202.
618 2007 851 2060 vitalia...
905 2007 1068 2056 saecla
1087 2023 1105 2055 .·
1164 2023 1272 2058 non

374 2098 397 2123 e
438 2080 596 2129 secoli
639 2080 693 2128 di
729 2081 833 2129 vita
874 2096 917 2140 ι,
957 2077 1103 2129 bensi
1141 2084 1271 2129 tutto

371 2150 410 2201 il
429 2168 575 2201 corso
589 2152 725 2201 della
746 2153 849 2201 vita
866 2167 1069 2201 umana.
1090 2151 1272 2201 Presso

369 2223 617 2273 Lucrezio
654 2222 875 2271 saeclum
911 2219 940 2271 ὲ
992 2222 1272 2287 adoperato

372 2295 518 2360 quasi
556 2310 755 2359 sempre
782 2294 836 2343 in
860 2310 1011 2345 senso
1032 2301 1271 2344 concreto

370 2382 462 2431 per
502 2385 526 2408 ε
559 2366 887 2430 generazioni
924 2365 976 2415 di
1003 2365 1215 2415 animali
1240 2382 1273 2415 o

372 2437 425 2487 di
472 2436 670 2486 uomini
712 2450 769 2495 »ς
820 2438 906 2503 qui
958 2437 1135 2505 inyece
1182 2453 1275 2502 per

379 2528 402 2551 ο
443 2509 622 2558 durata
660 2507 797 2558 della
834 2508 945 2559 loro
982 2510 1087 2558 vita
1110 2524 1154 2558 ι.
1195 2509 1273 2558 Lo

372 2588 532 2630 stesso
568 2580 857 2645 significato
883 2580 950 2629 ha
976 2582 1029 2630 in
1054 2579 1149 2640 111,
1169 2578 1273 2643 948

378 2671 404 2695 e
434 2651 605 2699 omnia
630 2652 679 2699 si
690 2658 883 2715 pergas
912 2652 1125 2701 vivendo
1160 2651 1274 2699 vin-

372 2736 483 2772 cere
533 2722 696 2771 saecla
737 2740 761 2763 ι
821 2738 850 2771 e
905 2734 1039 2788 1090
1097 2741 1121 2766 ι
1163 2721 1279 2770 licet

372 2793 574 2857 quotvis
585 2794 800 2841 vehendo
818 2795 1029 2843 condere
1040 2792 1204 2842 saecla
1231 2812 1253 2836 ι
1262 2828 1272 2841 .

372 2866 496 2915 Non
533 2861 562 2913 ὲ
600 2866 667 2913 da
690 2880 907 2930 pensare
931 2866 980 2913 al
1005 2880 1154 2914 senso
1174 2873 1274 2915 tec-

374 2937 496 2985 nico
516 2935 569 2984 di
594 2935 866 2994 saeculum,
887 2951 1035 2986 come
1063 2935 1277 2986 modulo

374 3008 429 3057 di
455 3011 607 3057 cento
633 3023 666 3055 o
692 3003 980 3058 centodieci
1008 3008 1145 3056 anni.
1175 3009 1277 3058 Lu-

376 3080 539 3129 crezio
578 3078 785 3128 traduce
820 3094 920 3128 con
968 3079 1187 3127 saeclum
1238 3078 1277 3127 il

376 3166 530 3216 greco
566 3144 731 3214 γενεά,
773 3149 871 3199 che
919 3147 947 3199 ὲ
999 3169 1025 3193 e
1067 3165 1277 3215 genera-

376 3222 524 3272 zione
564 3240 589 3265 ⁸
649 3222 735 3271 nel
772 3237 921 3271 senso
973 3229 1211 3271 concreto
1249 3236 1279 3271 e

381 3313 407 3337 e
450 3294 629 3342 durata
666 3292 803 3357 della
838 3293 941 3343 vita
966 3293 1019 3341 di
1040 3293 1279 3343 ciascuna

378 3365 716 3429 generazione
758 3381 803 3427 ι,
841 3365 931 3415 cfr.
972 3364 1035 3414 Il.
1088 3365 1128 3426 Ι,
1176 3372 1281 3427 250

378 3438 455 3499 τῷ
496 3432 546 3484 δ’
582 3431 687 3499 ἤδη
727 3430 823 3484 δύο
859 3429 957 3499 μέν
990 3430 1157 3498 γενεαὶ
1191 3451 1277 3497 με·

380 3502 563 3569 ρόπων
607 3501 849 3570 ἐφθίαθ’,
878 3503 939 3555 οἵ
963 3502 1019 3554 οἵ
1047 3502 1281 3570 πρόσθεν

380 3574 490 3641 ἅμα
508 3572 705 3642 τράφεν
729 3572 817 3642 ἧδ’
835 3572 1081 3642 ἐγένοντο.
1102 3577 1281 3627 Anehe

383 3650 640 3699 saeculum
678 3650 764 3700 nel
800 3664 951 3699 senso
990 3650 1189 3699 tecnico
1227 3649 1280 3698 fu

1377 1577 1485 1630 cosi
1521 1580 1676 1638 detto,
1714 1575 1904 1644 perche
1939 1578 1984 1628 si
2020 1595 2168 1644 prese
2195 1595 2282 1630 co-

1375 1667 1459 1700 me
1497 1651 1549 1700 la
1586 1650 1756 1700 media
1794 1651 1931 1700 della
1956 1651 2061 1700 vita
2094 1667 2282 1701 amana

1374 1719 1466 1788 piit
1488 1723 1722 1786 longeva.
1743 1721 1848 1772 cfr.
1868 1720 2170 1781 Censorino,
2197 1723 2280 1772 De

1376 1795 1453 1842 die
1504 1794 1673 1842 natali
1712 1803 1802 1854 17:
1863 1812 1888 1837 ε
1931 1809 2034 1858 quo
2082 1795 2166 1843 die
2205 1811 2284 1843 ur-

1375 1866 1468 1915 bes
1519 1872 1667 1930 atque
1716 1865 1948 1915 civitates
2006 1866 2284 1916 constitue·

1376 1943 1565 1998 rentur,
1605 1937 1669 1984 de
1707 1935 1788 1986 his
1824 1936 1914 2000 qui
1954 1952 2016 1985 eo
2051 1936 2134 1986 die
2173 1937 2282 1986 nati

1378 2014 1546 2057 essent
1581 2023 1701 2057 eum
1738 2007 1826 2072 qui
1877 2007 2162 2057 diutissime
2213 2008 2288 2057 vi-

1376 2079 1530 2128 xisset
1587 2079 1671 2128 die
1725 2079 1902 2128 mortis
1955 2095 2076 2128 suae
2133 2079 2284 2145 primi

1377 2150 1570 2201 saeculi
1607 2151 1876 2200 modulum
1915 2150 2077 2210 finire,
2120 2167 2285 2218 eoque

1378 2223 1464 2273 die
1502 2222 1591 2287 qui
1629 2229 1798 2272 essent
1853 2220 2036 2287 reliqui
2070 2223 2125 2271 in
2163 2224 2286 2272 civi·

1377 2300 1501 2357 tate,
1539 2294 1606 2343 de
1641 2293 1721 2343 his
1759 2310 1955 2344 rursum
1995 2294 2105 2344 eius
2150 2311 2285 2343 mor-

1378 2373 1496 2426 tem,
1537 2366 1624 2430 qui
1660 2366 2018 2430 longissimam
2066 2373 2285 2416 aetatem

1378 2438 1566 2501 egisset
1650 2436 1804 2485 finem
1877 2452 1987 2486 esse
2070 2438 2283 2487 secundi

1380 2506 1571 2558 saeculi
1603 2525 1649 2557 ³.
1689 2507 1974 2557 Censorino
2013 2508 2102 2573 qui
2139 2508 2284 2574 parla

1381 2580 1466 2629 del
1503 2579 1754 2629 cosidetto
1806 2578 1979 2628 secolo
2024 2579 2282 2635 naturale:

1378 2667 1466 2700 ma
1502 2666 1593 2715 per
1629 2649 1750 2714 quel
1791 2649 1888 2699 che
1936 2649 2039 2715 egli
2089 2651 2213 2715 dice·
2258 2648 2286 2700 ὲ

1379 2723 1552 2787 logico
1591 2737 1882 2785 presumere
1919 2720 2016 2770 che
2067 2738 2193 2787 pure
2247 2721 2286 2770 il

1379 2794 1554 2844 secolo
1610 2792 1664 2841 di
1714 2799 1866 2842 cento
1918 2810 1950 2842 o
2000 2794 2288 2843 centodieci

1382 2865 1506 2914 anni
1568 2864 1622 2913 fu
1684 2863 1857 2913 fissato
1913 2879 2062 2913 come
2116 2864 2289 2914 media

1383 2937 1522 2986 della
1559 2936 1663 2984 vita
1698 2931 1791 3000 piii
1828 2935 2063 3000 longeva.

1454 3019 1576 3069 203.
1614 3006 1846 3055 reddita.-
1881 3027 1953 3047 =
1989 3006 2124 3054 data.
2163 3006 2286 3056 Fre-

1382 3087 1570 3144 quente
1606 3078 1662 3126 in
1705 3079 1967 3128 LucreziO.
2006 3074 2129 3127 Cosi
2183 3088 2210 3143 5
2220 3086 2286 3141 57

1388 3170 1410 3193 e
1443 3151 1490 3198 si
1525 3149 1726 3198 nullast
1740 3149 2055 3211 frangendis
2088 3150 2286 3197 reddita

1378 3221 1506 3284 finis
1547 3219 1856 3284 Corporibus
1885 3237 1909 3262 ι
1933 3238 1946 3281 ;
1986 3218 2088 3286 584
2119 3239 2141 3262 c
2167 3236 2288 3284 quo-

1385 3294 1527 3342 m'am
1577 3292 1859 3355 generatim
1915 3292 2112 3340 reddita
2156 3291 2289 3354 finis

1390 3364 1664 3412 Crescendi
1698 3363 1848 3411 rebus
1882 3381 1926 3412 ι.
1968 3389 2035 3398 -
2072 3369 2288 3410 certast:

1388 3454 1413 3480 ι
1456 3434 1684 3498 definita,
1722 3433 1940 3484 limitata
1981 3451 2025 3481 ι.
2078 3435 2146 3485 Se
2191 3448 2286 3498 po-

1386 3514 1519 3557 tesse
1555 3522 1780 3558 crescere
1829 3522 1858 3555 a
1909 3505 2192 3567 dismisura,
2244 3504 2286 3553 si

1388 3579 1666 3628 avrebbero
1703 3594 1794 3642 per
1830 3578 2068 3627 ciascuna
2111 3575 2284 3641 specie

1389 3650 1690 3700 formazioni
1726 3646 2069 3715 gigantesche.
