2917 4275
684 304 801 344 122

1345 298 1406 343 Τ.
1455 297 1721 342 Lucam!
1768 299 1913 344 CAR!

674 422 913 483 alterius
956 421 1290 500 quoniamst
1332 421 1526 500 ipsum
1571 442 1706 500 pars
1749 422 2074 501 primaque,
2124 434 2185 482 et
2233 441 2351 482 una

675 505 816 598 inde
859 509 1008 571 aliae
1052 521 1227 587 atque
1270 511 1418 571 aliae
1464 510 1687 571 similes
1731 530 1805 571 ex
1849 511 2060 571 ordine
2106 522 2301 589 partes

2438 515 2563 588 605

677 597 910 678 agmine
954 600 1259 660 condenso
1305 609 1572 659 naturam
1619 599 1884 677 corporis
1935 603 2213 678 explent;

678 710 830 766 quae
876 686 1153 766 quoniam
1198 707 1303 766 per
1351 706 1414 747 se
1458 699 1765 765 nequeunt
1811 699 2098 761 constare,
2150 698 2446 749 necessest

678 778 918 838 haerere
962 777 1116 835 unde
1160 787 1380 851 queant
1424 777 1588 836 nulla
1632 777 1858 837 ratione
1904 777 2129 839 revelli.

678 878 814 926 sunt
862 866 1033 942 igitur
1078 863 1266 924 solida
1309 864 1631 942 primordia
1675 864 2064 944 simplicitate,

678 974 830 1030 quae
878 952 1132 1014 minimis
1176 952 1389 1031 stipata
1432 956 1751 1014 cohaerent
1793 954 2057 1031 partibus
2100 964 2241 1028 arte,

2443 957 2570 1013 610

678 1062 802 1102 non
850 1062 918 1102 ex
966 1042 1196 1101 illarum
1241 1051 1540 1102 conventu
1586 1042 1912 1115 conciliata,

678 1134 782 1190 sed
830 1130 1014 1206 magis
1054 1140 1293 1189 aeterna
1335 1130 1622 1207 pollentia
1666 1129 2039 1209 simplicitate
2060 1148 2075 1206 ;

678 1222 838 1278 unde
886 1238 1078 1296 neque
1122 1218 1296 1278 avelli
1342 1219 1660 1297 quicquam
1706 1238 1902 1296 neque
1950 1217 2215 1280 deminui
2258 1218 2401 1299 iarn¹

678 1310 954 1366 concedit
1000 1316 1207 1367 natura
1249 1326 1554 1367 reservans
1599 1306 1824 1368 semina
1869 1311 2068 1368 rebus.

678 1406 978 1474 praeterea.
1025 1395 1138 1455 nisi
1183 1395 1293 1456 erit
1336 1395 1667 1471 minimum,
1718 1395 2060 1475 parvissima
2103 1414 2373 1473 quaeque
2445 1399 2568 1473 615

682 1642 842 1690 critici
882 1646 1068 1691 offusca
1103 1641 1153 1691 la
1187 1642 1486 1706 limpidezza
1521 1643 1574 1691 di

682 1722 858 1778 questa]
902 1719 1147 1762 nuncetto.

750 1786 874 1846 504.
914 1786 958 1830 Il
994 1800 1230 1832 cacumen
1269 1785 1385 1835 dell·
1404 1791 1575 1833 atomo

682 1870 782 1902 nun
858 1850 958 1918 put'h
1032 1855 1361 1905 considerat-si
1431 1871 1576 1906 come

678 1934 914 1986 Staseam,
966 1921 1169 1990 giacche
1219 1927 1267 1976 la
1322 1942 1414 1976 sua
1469 1926 1577 1975 sola

678 1994 894 2062 {assum}
914 2004 1090 2046 natura
1114 1992 1143 2044 ὲ
1162 1998 1214 2046 di
1236 2014 1398 2047 essere
1418 2003 1574 2062 parte,

682 2066 730 2114 13
758 2070 918 2130 prima
946 2067 1077 2116 delle
1111 2069 1241 2132 parti
1264 2069 1573 2127 dell'atomO,

682 2154 762 2186 ma
802 2146 942 2202 parte
982 2140 1071 2188 che
1103 2153 1207 2187 non
1234 2140 1462 2190 risultaa
1486 2154 1577 2188 sua

678 2210 814 2258 vulta
854 2210 902 2258 di
942 2210 1069 2260 altre
1106 2211 1235 2275 parti
1273 2210 1577 2275 (primaque

678 2286 726 2326 es
762 2278 910 2342 aaa}
1143 2292 1147 2297 ’

754 2350 870 2414 ᾗῡς.
914 2350 1069 2400 Corne
1108 2349 1147 2399 il
1183 2368 1421 2402 cacumen
1470 2370 1575 2404 non

678 2418 706 2467 ὲ
782 2421 1096 2487 concepibile
1157 2430 1572 2489 separatamente‚

678 2491 782 2539 ensi
818 2491 870 2543 le
898 2495 1019 2543 altre
1043 2492 1173 2557 parti
1198 2493 1291 2542 che
1316 2509 1574 2559 seguono;

678 2571 806 2611 tutte
842 2563 1092 2611 inflamma
1129 2579 1254 2612 sono
1290 2563 1340 2621 la
1364 2566 1575 2616 materia

678 2635 982 2683 delratomu
1035 2632 1326 2699 (corporis),
1382 2653 1411 2685 e
1467 2652 1574 2687 non

678 2723 898 2767 possunt]
922 2704 1251 2755 considerari-»i
1272 2720 1415 2756 come
1439 2708 1572 2772 parti

678 2791 730 2823 se
770 2791 870 2823 nnn
910 2775 1284 2834 mentalmente‚
1318 2793 1347 2825 e
1377 2794 1407 2826 a
1430 2785 1573 2842 patto

678 2847 786 2895 cine
806 2847 854 2895 di
878 2863 978 2895 nnn
1010 2862 1174 2895 essere
1198 2862 1253 2895 se
1279 2863 1384 2895 non
1408 2849 1566 2912 parti;

678 2915 882 2979 gisen-he
922 2933 1030 2967 esse
1074 2924 1175 2979 per
1210 2933 1261 2965 sc
1309 2926 1574 2983 nequeunt

678 2995 906 3035 murt-ere
946 2986 1111 3049 [1507).

746 3055 866 3107 fios*
906 3059 1110 3107 AEfferere
1152 3059 1315 3106 unde:
1365 3055 1476 3108 cioe
1513 3060 1570 3108 in

678 3143 730 3175 etr
770 3135 978 3191 serpere
1012 3129 1164 3179 unde.

750 3199 866 3259 509·
910 3199 1104 3248 residu:
1143 3215 1196 3252 se
1234 3205 1411 3264 queste
1436 3199 1571 3263 parti

678 3279 989 3319 memmente
1013 3275 1238 3333 pensate,
1276 3284 1380 3317 non
1412 3269 1569 3319 inter·
1623 3274 1626 3277 ’

682 3355 930 3403 rumpono
950 3341 998 3388 la
1012 3336 1293 3388 continuita
1312 3341 1570 3389 materiale

678 3411 762 3459 dei
802 3411 1109 3475 primordia,
1167 3408 1246 3459 οἰὸ
1296 3409 1420 3459 vuol
1463 3411 1570 3459 dire

678 3483 774 3531 che
810 3491 882 3527 tra
906 3479 938 3527 1·
958 3497 1057 3529 una
1082 3497 1109 3529 e
1135 3480 1298 3530 l’altra
1320 3496 1423 3529 non
1448 3482 1492 3528 v’
1507 3482 1573 3530 ha

678 3551 862 3615 spireio,
906 3567 934 3599 e
986 3551 1075 3600 che
1128 3548 1238 3600 cioe
1284 3552 1356 3617 gli
1413 3552 1570 3601 atomi

678 3639 806 3671 snm}
858 3623 1011 3671 misdi
1054 3620 1123 3687 (0,
1181 3637 1325 3673 come
1373 3623 1486 3673 dice
1534 3623 1571 3671 il

1681 1650 1848 1710 poeta,
1897 1644 2059 1693 solida
2114 1641 2472 1708 simplicitate).
2531 1646 2578 1694 E

1682 1730 1810 1764 sono
1847 1715 2079 1779 semplici
2115 1721 2343 1779 appunto
2386 1711 2576 1778 perche

1681 1787 1731 1834 la
1767 1785 1876 1836 loro
1913 1785 2123 1835 materia
2159 1781 2188 1833 ὲ
2233 1783 2474 1834 continua
2511 1786 2577 1834 ed

1683 1872 1784 1905 una
1818 1856 1934 1921 (cfr.
1973 1873 2018 1905 v,
2060 1854 2200 1920 548).

1753 1927 1872 1977 610.
1929 1927 2154 1976 minimis
2199 1927 2468 1990 partibus:
2527 1926 2579 1977 le

1681 1999 1812 2063 parti
1844 2003 2062 2047 estreme
2099 1997 2138 2046 il
2173 2004 2325 2063 poeta
2347 1997 2413 2045 ha
2437 1997 2577 2046 chia-

1682 2075 1819 2118 mato
1855 2069 2137 2117 cacumina.
2165 2068 2270 2132 Qui
2295 2084 2380 2117 era
2402 2083 2579 2117 neces·

1681 2141 1811 2190 saria
1846 2157 1948 2189 una
1985 2139 2339 2204 designazione
2375 2135 2466 2205 piii
2489 2155 2579 2203 ge·

1681 2212 1850 2261 nerica
1889 2227 1978 2275 per
2016 2211 2377 2275 comprendere
2413 2211 2579 2261 anche

1679 2283 1729 2332 le
1777 2282 1918 2331 altre.
1975 2308 2039 2317 —
2097 2289 2237 2330 arte:
2294 2281 2358 2329 da
2404 2289 2572 2330 artus.

1681 2353 1874 2415 Queste
1926 2353 2058 2419 parti
2104 2367 2209 2401 non
2265 2352 2308 2400 si
2364 2359 2582 2400 toccano

1679 2423 1713 2471 1·
1728 2439 1830 2472 una
1872 2438 1969 2471 con
2017 2423 2181 2472 l'altra
2227 2421 2395 2487 (Epic.
2433 2420 2470 2487 ξ
2508 2422 2577 2487 58

1680 2490 1804 2543 οὐδὲ
1845 2494 2023 2557 μέρεσι
2070 2495 2251 2557 μερῶν
2297 2490 2577 2555 ἁπτόμενα,

1681 2565 1820 2614 detto
1856 2561 1979 2629 perb
2016 2564 2150 2614 delle
2189 2572 2372 2628 partes
2421 2566 2573 2612 mini-

1681 2651 1791 2684 mae
1810 2635 1893 2685 dei
1913 2635 2068 2699 corpi,
2084 2650 2187 2684 non
2213 2634 2351 2699 degli
2376 2632 2576 2699 atomi),

1681 2722 1763 2754 ma
1789 2720 1914 2754 sono
1939 2705 2163 2755 coerenti
2197 2706 2251 2754 in
2289 2722 2391 2754 una
2416 2705 2573 2754 mate-

1682 2776 1756 2825 ria
1791 2776 1956 2826 unica.

1750 2845 1811 2895 61
1827 2860 1868 2895 1.
1889 2848 2101 2897 illarum
2114 2864 2129 2895 .·
2150 2847 2234 2896 del
2254 2847 2455 2905 Munro,
2483 2862 2578 2912 per

1678 2917 1887 2967 illorum
1924 2918 2007 2967 dei
2045 2918 2222 2967 codici.
2261 2918 2320 2965 L'
2336 2924 2508 2966 atomo
2545 2914 2578 2965 ὲ

1678 2987 1885 3052 dunque
1921 3004 1992 3037 un
2029 2990 2314 3037 concilium.
2340 2988 2416 3038 Le
2439 2989 2574 3053 parti

1678 3074 1768 3107 sue
1788 3074 1913 3107 sono
1941 3067 2238 3124 puramente
2263 3059 2440 3121 ideali;
2468 3074 2576 3107 non

1681 3123 1709 3176 ὲ
1737 3126 1822 3192 gia
1847 3130 1938 3178 che
1964 3130 2006 3179 si
2031 3130 2174 3179 sieno
2204 3130 2389 3179 riunite
2415 3146 2444 3178 a
2469 3129 2573 3177 for-

1678 3215 1814 3249 mare
1853 3216 1922 3248 un
1954 3216 2122 3265 corpo,
2145 3200 2387 3265 Epicur-0,
2416 3198 2450 3265 ἓ
2479 3212 2570 3266 59:

1677 3268 2012 3334 συμφόρησιν
2034 3266 2092 3320 δὲ
2115 3267 2176 3319 ἐκ
2204 3268 2404 3320 τούτων
2427 3268 2574 3336 ἐχόν-

1678 3356 1783 3389 των
1817 3338 1914 3405 οὕχ
1955 3338 2066 3390 οἶόν
2101 3359 2154 3391 τε
2190 3339 2444 3406 γενέσθαι.

1749 3411 1868 3475 613.
1926 3430 2136 3476 neque...
2198 3414 2332 3462 iam:
2391 3433 2416 3457 e
2469 3429 2575 3461 non

1677 3478 1767 3547 piis.
1797 3501 1839 3544 ι,
1872 3481 2057 3548 perche
2083 3501 2172 3550 per
2195 3484 2268 3547 gli
2293 3484 2406 3534 altri
2431 3485 2575 3549 corpi

1679 3554 1729 3601 la
1764 3560 1944 3603 natura
1981 3555 2219 3604 concedit.

1751 3624 1869 3687 615.
1887 3626 2234 3688 parvissima:
2260 3641 2363 3674 non
2391 3632 2575 3690 poteva
