2917 4275
912 353 995 396 mr
1040 353 1259 398 annun
1305 353 1568 398 NATURA
2117 353 2192 416 53

292 479 505 541 suadet
548 490 610 540 et
652 477 881 541 inducit
925 489 1133 541 noctes
1176 478 1418 558 vigilare
1463 497 1718 554 serenas,

290 578 675 646 quaerentem
722 569 897 630 dictis
940 567 1157 646 quibus
1202 579 1262 630 et
1305 589 1425 646 quo
1473 567 1734 629 carmine
1780 568 2023 630 demum

293 660 451 719 clara
495 668 633 718 tuae
678 657 900 736 possim
945 660 1355 737 praepandere
1397 656 1626 718 lumina
1669 658 1872 732 menti,

293 767 387 807 res
431 746 648 824 quibus
694 749 959 809 occultas
1002 747 1239 824 penitus
1269 745 1577 808 convisere
1623 745 1830 825 possis,

2076 764 2193 824 145

384 839 569 898 Hunc
613 836 792 914 igitur
836 847 1121 896 terrorem
1168 835 1351 896 animi
1395 837 1792 914 tenebrasque
1836 845 2136 897 necessest

297 944 420 986 non
467 925 617 985 radii
662 925 804 987 solis
848 945 1046 1003 neque
1092 924 1292 986 lucida
1335 928 1455 985 tela
1495 924 1614 985 diei

292 1013 629 1089 discutiant,
680 1017 788 1076 sed
832 1026 1079 1076 naturae
1125 1014 1352 1093 species
1394 1013 1686 1092 ratioque.

373 1223 485 1272 142.
526 1217 749 1260 noctes...
790 1226 1028 1262 serenas.-
1076 1209 1196 1261 Cosi

293 1296 421 1346 pure
456 1281 612 1344 Verg.
647 1281 825 1348 Georg.
851 1283 892 1342 1,
920 1281 1026 1344 426
1054 1302 1079 1328 α
1111 1299 1195 1332 ne-

293 1369 391 1416 que
426 1353 630 1402 insidiis
680 1354 843 1402 noctis
890 1355 1090 1417 capiere
1125 1370 1195 1402 se-

294 1438 449 1471 renae
476 1440 519 1482 2,
547 1422 641 1472 che
666 1423 934 1488 riproduce
959 1423 1011 1473 lo
1036 1430 1198 1474 stesso

294 1493 531 1559 pensiero
568 1494 661 1544 che
698 1490 727 1542 ὲ
763 1495 819 1542 in
849 1496 976 1544 Aen.
1000 1495 1065 1555 V,
1095 1494 1192 1558 831

298 1585 321 1608 α
366 1566 498 1614 caeli
539 1567 681 1614 toties
727 1566 960 1630 deceptus
991 1567 1201 1630 fraude

296 1637 468 1684 sereni
507 1655 551 1684 ι.

374 1719 491 1770 143.
518 1709 715 1756 demum
738 1725 755 1756 .·
779 1723 926 1758 come
953 1709 1007 1758 in
1033 1711 1073 1768 Ι,
1096 1708 1199 1771 468

301 1799 324 1822 α
366 1780 526 1828 solido
561 1779 781 1827 vincunt
801 1795 859 1828 ea
884 1789 1095 1845 corpore
1119 1781 1199 1829 de-

292 1866 435 1901 mum
470 1867 496 1892 ⁸
535 1850 573 1898 il
610 1851 781 1914 signif.
822 1849 849 1900 ὲ
893 1871 916 1896 α
947 1851 1200 1902 finiscono

298 1923 351 1971 in
388 1921 573 1971 ultimo
610 1938 703 1985 per
751 1923 955 1972 vincere
1000 1941 1041 1985 υ,
1094 1921 1201 1973 cosi

299 1993 462 2042 anche
500 1993 589 2058 qui
626 1992 712 2042 nel
748 1993 947 2042 demum
985 1991 1070 2053 cle
1108 1994 1140 2044 1·
1162 1994 1201 2043 i-

298 2065 395 2114 dea
420 2063 516 2114 che
543 2064 787 2114 Lucrezio
815 2065 871 2115 in
897 2066 1079 2116 ultimo
1107 2082 1201 2131 po-

301 2133 376 2187 tra
418 2156 441 2181 ι
485 2136 660 2186 vincet
695 2134 748 2188 la
781 2153 956 2202 punga
996 2155 1041 2185 ι.

376 2220 491 2269 144.
508 2210 867 2270 praepandere
889 2226 908 2257 .·
945 2206 973 2257 ὲ·
1013 2210 1203 2273 adope-

300 2286 410 2329 rato
432 2280 546 2329 solo
565 2280 653 2344 qui
674 2280 740 2327 da
760 2281 1021 2330 Lucrezio.
1048 2280 1206 2329 L'im-

299 2352 509 2416 megine
553 2344 582 2397 ὲ
631 2350 726 2400 che
775 2351 1019 2402 Lucrezio
1069 2351 1203 2416 porti

298 2422 507 2472 innanzi
564 2421 613 2470 le
674 2421 887 2472 fiaccole
941 2420 1205 2486 (lumina),

300 2510 391 2559 per
434 2493 727 2543 illuminare
774 2494 813 2543 il
864 2494 1124 2544 eammino
1174 2510 1205 2543 a

301 2564 566 2615 Memmio.
607 2564 711 2614 Cfr.
750 2565 857 2615 Cic.
897 2565 1062 2623 Sulla,
1108 2577 1203 2626 14:

309 2656 333 2679 ι
364 2652 453 2685 vos
488 2635 701 2698 denique
725 2635 782 2684 in
808 2636 967 2687 tantis
992 2636 1209 2686 tenebris

305 2707 499 2756 erroris
554 2713 603 2755 et
650 2708 941 2756 inscientiae
986 2707 1208 2755 clarissi-

303 2794 445 2827 mum
481 2778 656 2825 lumen
685 2778 1015 2840 praetulistis
1051 2778 1213 2827 menti

305 2864 441 2897 meae
482 2865 526 2897 ι.

382 2928 498 2983 145.
552 2919 770 2983 quibus:
820 2921 863 2969 si
899 2921 1125 2971 riferisce
1178 2937 1208 2970 a

306 2992 522 3041 lumina.
562 3016 629 3026 —
660 2992 906 3054 penitus:
945 2990 973 3041 ὲ
997 2992 1209 3057 proprio

306 3078 398 3128 per
434 3062 484 3112 le
509 3062 817 3127 espressioni
845 3064 940 3113 che
966 3064 1210 3113 indicano

311 3151 335 3176 ι
377 3134 677 3197 esaminate,
707 3134 889 3184 vedere
914 3152 945 3184 a
970 3135 1129 3184 fondo
1162 3151 1204 3185 ο.

310 3205 413 3255 Cfr.
451 3205 533 3253 De
576 3204 721 3254 Orat.
768 3219 809 3265 1,
852 3218 917 3268 23
962 3226 984 3249 α
1009 3222 1092 3255 res
1116 3212 1210 3269 pe-

307 3276 449 3324 nitus
482 3284 771 3340 perspectae
808 3292 863 3336 »ς
902 3279 1013 3328 Att.
1055 3275 1101 3339 8,
1148 3290 1209 3325 12

313 3366 337 3389 c
362 3348 570 3413 penitus
607 3349 893 3412 intellegere
928 3348 1132 3412 aliquid
1166 3362 1208 3397 ι.

311 3443 378 3454 -
416 3420 673 3469 convisere
692 3435 709 3467 .·
747 3421 833 3486 qui
874 3434 965 3485 per
1010 3421 1210 3482 perspi-

310 3505 455 3549 cere,·
505 3508 537 3541 o
576 3490 740 3540 anche
788 3508 881 3556 per
939 3509 964 3533 ε
1006 3506 1211 3555 presen-

310 3562 428 3611 tarti
466 3562 641 3613 chiaro
680 3562 782 3611 alla
819 3570 990 3611 mente
1034 3579 1076 3611 ι.
1127 3563 1212 3611 In-

311 3631 423 3683 fatti
460 3634 514 3684 in
551 3637 613 3693 V,
656 3633 760 3697 776
796 3631 824 3682 ὲ
865 3653 888 3678 α
921 3641 1211 3699 presentare

312 3704 487 3755 chiaro
524 3705 743 3771 qualche
780 3721 901 3757 cosa
933 3703 1039 3771 agli
1062 3704 1212 3755 occhi

1305 1211 1502 1277 proprii
1555 1229 1580 1252 ι
1603 1226 1615 1259 :
1678 1197 1727 1258 et
1782 1215 1957 1274 aperto
2013 1210 2204 1260 lumine

1304 1297 1522 1332 rursum
1561 1282 1732 1330 omnia
1763 1283 2037 1331 convisunt
2057 1283 2204 1330 clara

1306 1353 1425 1402 loca
1449 1353 1668 1401 candida
1705 1353 1813 1405 luce
1842 1370 1885 1401 ι.
1925 1353 1987 1402 In
2012 1353 2078 1414 ΙΙ,
2101 1362 2201 1418 357

1268 1459 1285 1474 .
1305 1421 1333 1472 ὲ
1361 1443 1383 1466 α
1408 1425 1712 1490 perlustrare
1743 1441 1793 1473 »ι
1837 1443 1860 1468 α
1892 1425 2064 1474 omnia
2088 1440 2204 1474 con·

1304 1497 1474 1544 visens
1511 1495 1669 1544 oculis
1705 1496 1829 1556 loca,
1865 1496 1912 1544 si
1946 1503 2100 1560 queat
2121 1511 2202 1544 us·
2295 1499 2308 1508 ”

1307 1583 1459 1630 quam
1504 1566 1851 1629 Conspicere...
1886 1585 1930 1614 ι.

1383 1637 1498 1698 146.
1539 1644 1787 1686 terrorem
1815 1638 2007 1687 animi:
2043 1637 2211 1687 animi

1307 1710 1557 1827 parrebbe
1594 1709 1776 1760 inutile
1815 1711 2073 1774 aggiunta,
2120 1726 2204 1758 ma

1375 1781 1509 1830 forse
1545 1781 1720 1831 voluta
1758 1797 1786 1831 e
1823 1788 2052 1846 pensata,
2092 1797 2207 1830 coe-

1306 1859 1622 1901 rentemente
1660 1852 1763 1901 alla
1800 1853 2023 1903 dottrina
2071 1853 2208 1902 circa

1307 1922 1360 1971 la
1376 1922 1499 1972 sede
1525 1923 1608 1972 dei
1634 1924 1942 1973 sentimenti.
1969 1921 2093 1975 Cosi
2110 1925 2205 1985 III,

1315 1993 1377 2042 16
1400 2013 1423 2038 α
1442 1994 1898 2057 diffugiuntanimi
1912 2001 2134 2043 terrores
2148 2013 2172 2037 ι
2193 2008 2206 2053 ;

1308 2080 1337 2113 e
1370 2073 1466 2128 157
1498 2084 1522 2108 c
1551 2065 1806 2114 concidere
1831 2080 1892 2113 ex
1916 2066 2082 2114 animi
2103 2072 2206 2114 ter-

1308 2152 1427 2185 rore
1463 2135 1690 2186 videmus
1727 2139 1882 2201 Saepe
1910 2137 2132 2187 homines
2161 2156 2208 2201 ι,

1308 2207 1395 2257 nel
1431 2208 1582 2274 quale
1618 2208 1800 2259 ultimo
1838 2226 1990 2274 passo
2029 2206 2056 2258 ὲ
2107 2209 2210 2259 evi·

1310 2280 1463 2328 dente
1500 2280 1594 2328 che
1631 2280 1796 2329 animi
1827 2296 1934 2330 non
1979 2276 2008 2329 ὲ
2057 2296 2210 2330 orna·

1310 2351 1498 2412 nativo,
1538 2368 1622 2399 ma
1645 2366 1786 2401 serve
1812 2369 1841 2399 a
1875 2352 2212 2402 determinare

1310 2422 1361 2470 la
1398 2422 1520 2471 sede
1545 2422 1629 2471 del
1655 2429 1857 2481 terrore,
1885 2418 2100 2487 giaeche
2125 2422 2211 2472 dal

1312 2493 1437 2542 fatto
1477 2492 1572 2543 che
1609 2493 1681 2557 gli
1720 2494 1917 2543 nomini
1956 2493 2154 2544 cadano
2181 2509 2211 2542 a

1311 2571 1441 2613 terra
1479 2580 1571 2629 per
1613 2570 1800 2614 terrore
1849 2566 1966 2613 dell·
1988 2565 2209 2620 animus,

1311 2635 1525 2684 l'autorb
1562 2642 1669 2685 trae
1692 2635 1744 2684 la
1769 2636 2102 2686 conclusione
2127 2635 2212 2684 del

1310 2705 1518 2755 vincolo
1555 2706 1910 2757 indissolubile
1948 2716 2023 2757 tra
2059 2706 2217 2756 l'ani-

1312 2792 1398 2825 ma
1415 2792 1444 2826 e
1467 2776 1728 2827 l’animus:
1756 2797 1779 2820 ι
1792 2778 1956 2843 facile
1976 2785 2036 2827 ut
2046 2777 2214 2841 quivis

1245 2860 1253 2868 ·
1314 2848 1441 2896 hines
1474 2863 1680 2897 noscere
1720 2850 1891 2912 possit
1935 2850 2063 2899 Esse
2099 2848 2212 2898 ani-

1314 2934 1449 2967 mam
1476 2936 1588 2969 cum
1626 2920 1796 2969 animo
1835 2920 2159 2970 coniunctam
2185 2936 2210 2962 ι

1314 2988 1433 3054 (ΙΙΙ,
1473 2988 1674 3055 158-9).

1392 3072 1507 3125 147.
1545 3078 1706 3125 neque
1741 3063 1910 3112 lucida
1947 3062 2044 3111 tela
2065 3080 2082 3113 :
2115 3062 2215 3113 tela

1314 3149 1443 3184 sono
1482 3135 1499 3182 i
1535 3134 1680 3198 raggi
1717 3135 1799 3183 del
1834 3135 1960 3197 sole,
2001 3135 2065 3184 ad
2099 3135 2213 3184 imi·

1314 3205 1516 3255 tazione
1550 3206 1602 3254 di
1636 3205 1842 3264 Omer0‚
1867 3205 2048 3266 Iliade,
2076 3206 2118 3270 Ι,
2148 3215 2212 3270 53

1314 3272 1454 3339 κῆλα
1485 3272 1658 3327 Θεοΐο.
1684 3276 1865 3327 Anche
1895 3277 2214 3343 Empedocle

1316 3344 1399 3411 (fr.
1438 3363 1486 3396 v.
1526 3358 1632 3409 240
1666 3348 1984 3405 Mullach3
2036 3349 2095 3399 fr.
2143 3360 2216 3409 40

1315 3415 1531 3480 Diels)
1566 3414 1712 3483 ἥλιος
1749 3414 2019 3485 ὁξυβελής.
2045 3445 2112 3456 —-
2139 3420 2216 3468 Iu-

1316 3490 1427 3538 cida
1467 3490 1566 3539 tela
1617 3490 1720 3539 diei
1765 3488 1794 3540 ὲ
1843 3506 1946 3541 una
1995 3490 2212 3550 iteratiO,

1315 3562 1530 3628 rispetto
1567 3578 1598 3610 a
1633 3562 1777 3611 radii
1806 3564 1944 3612 solis.

1395 3630 1512 3693 148.
1537 3634 1717 3699 species
1740 3635 1972 3698 ratioque
1992 3650 2010 3681 .-
2035 3633 2073 3683 il
2097 3647 2216 3683 vero

1318 3709 1517 3769 aspetto
1554 3704 1692 3755 della
1728 3712 1909 3757 natura
1949 3724 1974 3751 ι
2010 3705 2062 3754 la
2097 3720 2218 3755 vera
