2917 4275
675 308 794 360 124
1321 303 1381 344 T.
1431 302 1694 346 Lucani
1740 300 1885 342 cni
1936 309 1946 320 ·

664 431 908 490 credere
952 449 1127 509 posse
1174 429 1457 504 animum,
1507 430 1697 492 victus
1741 431 1959 490 fateare
2003 439 2299 490 necessest

634 523 795 578 'esse
841 538 911 579 ea
953 538 1105 595 quae
1150 519 1327 579 nullis
1371 519 1488 579 iarn
1534 518 1802 598 praedita
1844 517 2110 596 partibus
2155 527 2355 578 extent
2437 520 2559 592 625

665 617 728 666 et
773 605 1018 667 minima
1063 618 1335 669 constent
1378 619 1604 669 natura.

1698 609 1866 683 Quae
1911 604 2193 684 quoniam
2239 617 2393 679 sunt,

665 694 768 755 illa
810 714 1050 777 quoque
1096 715 1222 756 esse
1267 695 1374 756 tibi
1419 696 1609 757 solida
1652 706 1831 774 atque
1875 707 2115 755 aeterua
2159 696 2483 755 fatendum.

737 940 855 1003 624.
902 940 1117 1004 fateare
1176 949 1453 990 necessest:
1515 940 1565 990 la

664 1011 841 1062 chiusa
878 1010 961 1061 del
998 1023 1120 1073 399.

738 1083 856 1147 625.
895 1085 1036 1132 iam:
1074 1098 1126 1150 ν..
1158 1097 1207 1132 n.
1246 1098 1276 1131 a
1314 1082 1431 1145 613.

738 1153 856 1202 626.
895 1153 972 1201 La
1020 1153 1241 1202 dottrina
1284 1153 1368 1202 dei
1416 1169 1562 1202 cacu-

666 1225 806 1272 mina
853 1219 881 1271 ὸ
932 1223 1219 1272 riattaccata
1267 1223 1367 1272 alla
1402 1224 1583 1285 dimo·-

665 1294 915 1343 strazione
968 1295 1269 1360 precedente
1323 1295 1455 1343 circa
1513 1294 1563 1344 la

665 1366 897 1413 soliditas
959 1382 988 1414 e
1053 1366 1352 1428 simplicitas
1424 1365 1563 1429 degli

664 1435 837 1484 atomi.
874 1436 1188 1486 Dimostrato
1220 1437 1312 1486 che
1338 1437 1562 1487 esistono

664 1506 747 1555 dei
787 1505 943 1571 corpi,
977 1507 1070 1556 che
1106 1522 1210 1555 non
1234 1507 1405 1557 hanno
1432 1508 1562 1572 parti

664 1593 719 1626 se
755 1591 858 1625 non
897 1577 1007 1626 solo
1044 1577 1365 1636 idealmente,
1402 1594 1430 1627 e
1468 1579 1561 1627 che

665 1664 756 1712 per
794 1662 1142 1711 conseguenza
1186 1663 1290 1695 non
1336 1665 1561 1713 possono

665 1717 767 1766 mai
823 1718 1080 1768 diventare
1134 1718 1333 1780 minori,
1386 1735 1437 1769 se
1495 1735 1560 1768 ne

663 1788 857 1838 deduce
905 1790 998 1839 che
1035 1788 1122 1838 tali
1174 1789 1316 1854 corpi
1362 1791 1505 1839 sieno
1542 1790 1560 1839 i

665 1859 865 1908 minimi
902 1859 1135 1925 possibili
1178 1861 1235 1908 in
1272 1868 1450 1910 natura
1470 1875 1491 1920 3*
1532 1876 1560 1910 e

664 1946 718 1980 se
756 1946 860 1978 non
898 1946 1118 1996 possono
1155 1932 1257 1981 mai
1301 1932 1560 1981 diventare

665 2001 869 2060 minori,
896 1998 1103 2065 giacche
1140 2018 1266 2051 sono
1287 2003 1388 2052 essi
1414 2003 1561 2052 stessi

662 2071 680 2119 i
729 2073 944 2131 minimi,
996 2071 1074 2121 cio
1129 2073 1248 2120 vuol
1303 2073 1411 2122 dire
1467 2074 1560 2122 che

663 2144 761 2192 essi
799 2159 925 2192 sono
962 2144 1137 2193 eterni.
1182 2144 1375 2206 Questo
1406 2145 1561 2194 colle-

664 2222 906 2278 gamento
943 2230 1045 2263 non
1084 2210 1113 2262 ὲ
1150 2214 1202 2263 in
1232 2215 1481 2280 Epicur0;
1522 2216 1560 2264 il

662 2284 814 2348 quale
856 2285 995 2350 parla
1031 2284 1165 2334 delle
1194 2293 1375 2348 partes
1409 2288 1559 2335 mini-

664 2371 773 2403 mae
811 2371 916 2404 non
951 2372 981 2404 a
1017 2356 1276 2421 proposito
1312 2356 1446 2406 della
1484 2358 1558 2405 in-

661 2424 975 2486 divisibilia,
1014 2425 1157 2476 bensi
1210 2425 1346 2476 della
1397 2428 1562 2476 forma

662 2495 799 2560 degli
837 2497 1027 2558 atomi;
1079 2515 1106 2547 e
1142 2498 1337 2547 deduce
1373 2498 1406 2545 1’
1428 2497 1560 2546 indi·

660 2566 904 2618 visibilith
952 2584 1057 2616 non
1092 2569 1228 2617 dalla
1263 2569 1558 2633 piccolezza‚

660 2638 805 2689 bensi
844 2639 979 2687 dalla
1024 2646 1203 2687 natura
1250 2639 1426 2696 solida,
1466 2639 1555 2687 cfr.

659 2709 804 2759 Flac.
838 2710 970 2773 phil.
1010 2712 1049 2767 1,
1092 2723 1140 2773 3.
1180 2736 1247 2745 —
1296 2717 1560 2759 constent:

662 2780 911 2839 evidente,
933 2796 1024 2845 per
1049 2789 1287 2830 constant
1302 2781 1382 2829 dei
1409 2780 1556 2829 codd.

734 2850 985 2914 628-634.
1025 2850 1203 2900 Strana
1240 2858 1560 2915 argumenta-

661 2921 825 2981 zione,
864 2923 1065 2971 almeno
1115 2920 1250 2971 nella
1299 2922 1463 2969 forma
1504 2922 1558 2971 in

661 2991 739 3039 cui
780 2993 866 3057 qui
906 2989 933 3040 ὲ
982 3000 1195 3057 portata.
1247 2992 1324 3040 La
1361 2992 1558 3057 spiega-

659 3063 804 3111 zione
841 3064 934 3112 che
984 3060 1048 3110 ἀὲ
1097 3062 1135 3110 il
1172 3064 1356 3111 Munro
1399 3069 1561 3111 certa-

662 3140 834 3182 mente
872 3133 1093 3182 esorbita
1122 3134 1204 3181 dal
1238 3133 1472 3198 pensiero
1508 3133 1561 3181 di

664 3203 924 3251 Lucrezio.
964 3203 1118 3252 Nella
1154 3205 1295 3252 fonte
1326 3204 1562 3268 epicurea

665 3274 1073 3339 probabilmente
1099 3281 1278 3338 questo
1302 3289 1451 3339 passo
1479 3290 1562 3323 era

666 3360 768 3392 una
806 3344 1159 3394 confutazione
1196 3344 1248 3392 di
1271 3343 1562 3393 obbiezioni

664 3416 1045 3480 peripatetiche.
1130 3415 1236 3477 Qui
1315 3415 1560 3465 Lucrezio

664 3485 885 3535 enuncia
921 3486 1046 3547 solo,
1088 3502 1116 3535 e
1151 3502 1254 3535 non
1300 3486 1559 3549 dimostra,

662 3558 679 3605 i
722 3557 936 3606 risultati
974 3557 1027 3605 di
1065 3556 1164 3605 tale
1189 3557 1558 3606 confutazione.

663 3627 916 3677 Vediamo
952 3643 1050 3678 con
1085 3628 1262 3677 ordine
1296 3628 1348 3675 di
1385 3628 1478 3677 che
1515 3628 1559 3677 si

1673 941 1824 991 tratti.
1877 939 2005 990 Dice
2053 940 2330 989 Lucrezio:
2375 954 2568 1005 suppo-

1671 1012 1843 1062 niamo
1892 1011 1983 1060 che
2029 1017 2207 1076 queste
2250 1018 2424 1074 partes
2473 1012 2567 1060 mi-

1671 1085 1839 1131 nimae
1874 1082 2094 1130 abbiano
2141 1081 2382 1131 esistenza
2427 1099 2457 1130 a
2493 1073 2564 1144 se,
2585 1120 2600 1134 .

1671 1170 1699 1203 e
1736 1153 1878 1202 sieno
1917 1153 2094 1217 quindi
2122 1152 2406 1217 separabili.
2443 1153 2566 1200 Non

1669 1224 1864 1273 avendo
1916 1240 2025 1273 esse
2076 1224 2202 1272 altre
2238 1222 2370 1288 parti
2406 1220 2567 1286 (giac-

1669 1291 1760 1343 che
1780 1294 2017 1344 abbiamo
2049 1309 2300 1343 ammesso
2325 1293 2417 1343 che
2439 1309 2568 1342 sono

1669 1381 1777 1414 esse
1797 1372 1952 1417 stesse
1981 1363 2208 1430 minime)
2234 1379 2338 1412 non
2362 1365 2567 1430 potreb-

1667 1437 1790 1485 bero
1829 1435 2096 1498 muoversi,
2126 1452 2154 1484 e
2192 1431 2302 1484 cioe
2339 1451 2442 1484 non
2468 1451 2562 1499 po-

1668 1505 1904 1557 trebbero
1958 1522 2073 1555 aver
2126 1521 2266 1570 pes0,
2313 1507 2430 1566 urti,
2480 1520 2564 1555 ac-

1665 1578 1797 1626 cozzi
1837 1593 1937 1627 ecc.
1977 1579 2023 1628 O
2062 1573 2244 1642 perche
2281 1577 2420 1625 mai?
2468 1578 2568 1626 Per

1667 1648 1706 1696 il
1746 1649 2001 1706 Giussani,
2041 1648 2081 1696 si
2131 1648 2369 1712 risponde
2407 1647 2498 1712 qui
2535 1665 2567 1696 a

1668 1718 1884 1784 qualche
1928 1718 2197 1784 Epicureo,
2236 1718 2272 1766 il
2325 1719 2474 1782 quale
2511 1734 2567 1765 a-

1665 1790 1853 1839 vrebbe
1903 1789 2213 1839 sentenziato
2261 1788 2352 1838 che
2399 1790 2416 1837 i
2461 1789 2569 1838 veri

1668 1861 1824 1908 atomi
1861 1875 1987 1909 sono
2025 1860 2074 1908 le
2103 1867 2284 1923 partes
2310 1860 2566 1909 minimae.

1667 1932 1755 1979 Ma
1790 1931 1839 1980 le
1883 1938 2062 1995 partes
2105 1931 2344 1978 minimae
2393 1931 2569 1980 diven-

1670 2010 1770 2051 tate
1827 2001 1980 2049 atomi
2045 2001 2321 2051 avrebbero
2375 2002 2568 2049 dovuto

1667 2089 1814 2122 avere
1853 2089 1882 2120 a
1914 2071 2023 2120 loro
2050 2071 2185 2121 volta
2211 2071 2337 2120 altre
2365 2079 2565 2135 partes,

1668 2161 1696 2193 e
1756 2142 1860 2194 cosi
1919 2144 1970 2192 di
2027 2144 2241 2206 seguit0,
2299 2159 2325 2192 e
2385 2149 2568 2207 questo

1668 2215 1904 2280 epicureo
1956 2215 2172 2263 avrebbe
2205 2230 2472 2271 ,ammesso
2515 2214 2569 2262 la

1667 2283 1963 2334 divisibili&
2004 2285 2086 2333 all·
2111 2283 2340 2333 infinito!
2379 2285 2424 2333 E
2459 2285 2567 2349 poi,

1666 2372 1720 2405 se
1786 2356 1836 2405 le
1894 2364 2076 2420 partes
2140 2356 2378 2403 minimae
2437 2370 2566 2403 sono

1666 2427 1837 2490 atomi,
1877 2422 2061 2492 perche
2099 2441 2204 2474 non
2249 2426 2563 2476 dovrebbero

1667 2514 1814 2548 avere
1853 2504 2007 2556 mot0‚
2046 2512 2169 2561 peso
2206 2500 2346 2545 ecc.?
2393 2498 2438 2546 E
2475 2513 2564 2545 an-

1667 2585 1798 2628 cora,
1837 2576 2015 2633 questo
2063 2568 2320 2632 Epicureo
2367 2583 2471 2615 non
2510 2582 2568 2615 a·

1666 2640 1856 2689 vrebbe
1895 2639 2021 2687 fatto
2065 2639 2158 2687 che
2207 2638 2472 2703 questione
2509 2639 2566 2686 di

1667 2711 1955 2773 grandezza,
2007 2709 2281 2774 spostando
2337 2715 2468 2758 tutto
2524 2708 2566 2757 il

1668 2779 2067 2843 ragionamento'
2089 2780 2226 2843 dagli
2264 2780 2418 2828 atomi
2463 2778 2566 2828 alle

1661 2859 1840 2916 partes
1893 2851 2131 2899 minimae
2149 2870 2173 2908 ,·
2229 2850 2291 2898 ed
2345 2850 2566 2899 avrebbe

1668 2936 1918 2971 ammesso
1979 2921 2011 2969 l'
2040 2919 2393 2971 indivisibilia
2451 2920 2564 2969 solo

1667 2993 1720 3040 di
1741 3002 1917 3057 queste
1943 3007 1970 3040 e
1997 3008 2100 3041 non
2125 2992 2176 3039 di
2197 2992 2388 3056 quelli?
2420 2991 2464 3039 E
2491 2991 2565 3040 al—

1666 3063 1773 3112 lora
1805 3059 1989 3128 perche
2014 3062 2273 3111 chiamarli
2311 3059 2518 3124 ἅ-τομοι
2537 3067 2564 3109 θ

1667 3135 1742 3183 La
1801 3134 2121 3199 spiegazione
2183 3130 2210 3181 ὲ
2284 3135 2395 3182 tutt'
2419 3132 2563 3181 altra.

1666 3204 1954 3263 Aristotele,
2017 3210 2194 3252 contro
2264 3204 2336 3267 gli
2404 3204 2562 3253 atomi

1667 3275 1960 3324 democritei
2019 3291 2172 3325 aveva
2245 3276 2414 3324 detto:
2489 3290 2562 3323 un

1666 3360 1822 3410 corpo
1866 3347 1958 3395 che
2007 3361 2111 3394 non
2156 3346 2222 3394 ha
2270 3344 2415 3411 parti,
2454 3360 2563 3393 non

1667 3412 1771 3480 puo
1822 3416 2088 3466 muoversi.
2140 3415 2205 3465 Se
2242 3432 2338 3481 pur
2380 3416 2454 3466 sia
2490 3431 2563 3463 un

1668 3494 1829 3551 punto
1868 3488 1992 3544 solo.
2021 3483 2210 3552 purche
2245 3488 2474 3550 rimanga
2511 3486 2562 3533 la

1668 3554 1911 3622 quantith,
1940 3558 1988 3607 vi
2013 3560 2138 3609 deve
2170 3573 2334 3607 essere
2370 3557 2424 3605 in
2447 3572 2564 3607 esso

1668 3642 1770 3677 una
1817 3638 1960 3694 parte
2013 3629 2106 3679 che
2158 3644 2342 3679 muove
2387 3644 2416 3676 e
2458 3643 2565 3676 una
