2917 4275
942 312 1027 354 DE
1072 313 1289 356 RERUM
1332 314 1612 360 NATURA.

323 439 530 500 omnia
574 450 635 500 et
676 439 743 499 in
786 457 982 498 rerum
1027 449 1265 499 naturas
1309 438 1525 499 vertier
1572 438 1785 512 omniS,

2116 313 2231 373 Ῑ37

2113 455 2235 511 7¹0

324 548 544 607 magno
589 547 769 605 opere
813 549 849 587 a
893 547 1033 588 vero
1077 530 1255 605 longe
1300 529 1566 589 derrasse
1611 527 1910 587 videntur.

317 619 479 678 adde
525 617 703 678 etiam
751 616 852 694 qui
905 617 1330 694 conduplicant
1374 615 1699 693 primordia
1748 635 1948 676 rerum

321 715 461 766 a'era.
505 705 813 783 iungentes
858 703 981 782 igni
1026 722 1361 781 terramque
1404 704 1641 782 liquori,

317 806 387 855 et
430 794 535 870 qui
583 805 860 871 quattuor
904 814 979 852 ex
1024 795 1202 854 rebus
1246 813 1421 871 posse
1467 793 1668 853 omnia
1713 803 1922 853 rentur

315 903 398 945 ex
443 881 565 960 igni
610 894 764 942 terra
808 892 989 959 atque
1033 881 1232 942 anima
1276 901 1651 962 procrescere
1699 892 1759 940 et
1804 880 1996 941 imbri.

2108 897 2225 956 715

326 991 581 1049 quorum
626 971 1059 1048 Acragantinus
1104 989 1238 1032 cum
1284 969 1489 1049 primis
1534 971 1934 1047 Empedocles
1986 978 2094 1041 est,

326 1236 443 1300 gole
467 1235 631 1284 forme
660 1234 900 1292 animali3
938 1233 1028 1285 cfr.
1064 1233 1128 1281 ad
1154 1249 1222 1283 es.

326 1307 653 1372 Empedocle‚
711 1305 771 1356 fr.
833 1306 916 1364 62,
954 1304 1118 1354 Diels.
1180 1304 1227 1353 Il

328 1377 572 1428 Giussani
597 1378 873 1441 interpreta
909 1378 1077 1440 ipsum
1110 1393 1134 1418 c
1161 1375 1226 1423 da

326 1444 381 1497 se
433 1448 541 1496 sola
582 1467 605 1491 ι
648 1465 676 1496 e
720 1455 816 1510 per
851 1463 902 1495 se
943 1467 965 1489 e
1008 1462 1100 1510 per
1135 1462 1226 1494 sua

328 1519 509 1568 intima
546 1516 731 1567 facolt&
769 1535 792 1559 ι
834 1534 916 1566 ma
951 1517 1066 1565 vedi
1103 1530 1222 1579 419,

325 1602 445 1654 421,
483 1600 605 1653 459,
644 1589 763 1651 461,
801 1589 922 1649 466,
959 1600 1063 1651 479
1103 1603 1222 1646 ece„

327 1661 411 1711 nei
440 1660 582 1726 quali
620 1659 757 1724 passi
794 1659 911 1708 tutti
937 1654 966 1706 ὲ
991 1659 1224 1708 evidente

328 1731 366 1779 il
402 1731 573 1795 signif.
606 1731 658 1780 di
688 1738 785 1794 per
821 1746 886 1779 se.
925 1730 970 1778 E
994 1729 1108 1778 vedi
1133 1745 1217 1776 an·

328 1802 419 1851 che
458 1802 695 1851 Giussani
732 1809 906 1863 stesso,
946 1816 976 1848 a
1013 1802 1147 1860 419!

398 1883 458 1935 71
474 1886 517 1922 1.
543 1874 690 1937 longe
714 1873 948 1920 derrasse
969 1887 985 1918 .·
1023 1871 1061 1919 il
1092 1872 1224 1930 Qua·

330 1944 530 2001 dratuS,
570 1943 619 1993 le
655 1943 840 1992 sehede
891 1941 1226 2006 Gottorpiane

329 2030 358 2064 e
411 2014 448 2063 il
502 2020 777 2064 correttore
825 2012 943 2062 dell'
970 2013 1226 2077 Oblongus

326 2086 497 2134 hanno
533 2086 715 2151 longi‚·
764 2101 847 2133 ma
884 2084 1031 2149 longe
1068 2084 1160 2132 che
1197 2078 1226 2130 ὲ

328 2157 379 2206 di
417 2158 516 2208 due
558 2157 721 2206 codici
769 2155 1037 2222 posteriori
1090 2151 1117 2202 ὲ
1155 2154 1224 2204 le·

326 2228 473 2278 zione
532 2235 705 2287 esatta,
764 2221 948 2292 perche
1014 2227 1127 2275 dice
1188 2225 1225 2273 il

329 2299 643 2360 Lachmann,
726 2298 913 2362 longus
987 2298 1227 2345 deerrare

328 2386 473 2418 nemo
514 2377 685 2433 potest
727 2370 830 2417 nisi
875 2375 972 2416 aut
1008 2375 1227 2430 procero

329 2447 539 2503 corpore
574 2447 670 2488 aut
701 2440 898 2503 ingenti
938 2446 1097 2502 passu
1134 2444 1232 2485 aut

331 2510 489 2558 nimio
525 2526 769 2558 sermone.

405 2590 521 2641 712.
562 2582 655 2643 qui
695 2580 1088 2643 conduplicant:
1142 2578 1225 2627 nel

329 2666 374 2699 v.
417 2666 521 2715 seg.
568 2650 880 2701 determina:
938 2649 1097 2715 quelli
1134 2650 1228 2698 che

329 2722 576 2771 uniscono
623 2722 657 2770 1·
681 2722 786 2770 aria
840 2722 921 2771 col
972 2720 1139 2777 fuoco,
1197 2735 1228 2767 o

328 2792 377 2842 la
413 2800 545 2842 terra
580 2808 676 2841 con
712 2792 745 2841 1·
767 2808 945 2857 acqua.
991 2792 1037 2839 E
1075 2791 1229 2839 lascia

328 2857 433 2913 cosi
471 2863 604 2913 fuori
654 2864 971 2921 Parmenide,
1009 2862 1103 2912 che
1141 2861 1226 2910 sti-

329 2950 474 2983 mava
519 2934 758 2983 elementi
808 2934 844 2984 il
896 2934 1048 2981 fuoco
1098 2949 1127 2981 e
1180 2933 1229 2980 la

328 3012 491 3055 terra:
545 3006 699 3069 Diog.
738 3005 797 3053 L.
838 3005 926 3062 IV,
971 3017 1021 3067 3,
1062 3016 1093 3051 2
1133 2999 1227 3052 δύο

327 3076 372 3123 τ’
410 3070 537 3125 εἶναι
576 3079 818 3139 στοιχεῖα,
848 3078 954 3137 πῦρ
992 3072 1090 3123 καί
1109 3077 1229 3137 γῆν.

401 3160 518 3211 713.
580 3163 703 3195 aera
758 3148 1023 3211 iungentes
1083 3146 1226 3208 igni.-

329 3218 471 3266 nulla
525 3218 577 3267 di
642 3217 835 3281 preciso
892 3216 1059 3281 saprei
1118 3216 1227 3266 dire

317 3288 457 3337 sulla
490 3289 714 3338 dottrina
737 3288 819 3336 cui
859 3288 948 3352 qui
987 3301 1225 3336 accenna.

332 3383 395 3393 —
429 3367 724 3422 terramque
748 3359 967 3421 liquori:
1010 3358 1052 3405 si
1080 3363 1228 3406 tratta

324 3430 421 3494 qui
460 3436 767 3479 certamente
806 3428 939 3478 della
978 3428 1139 3476 teoria
1175 3426 1228 3475 di

329 3500 583 3551 Senofane
632 3500 888 3563 (tacciono
937 3498 975 3546 il
1025 3499 1227 3557 Mum-o,

331 3568 368 3618 il
406 3570 656 3630 Giussani‚
689 3568 832 3635 ecc,).
873 3572 970 3621 Per
993 3569 1229 3634 provarlo

329 3641 473 3691 basta
521 3650 787 3707 apportare
833 3640 851 3690 i
902 3640 1226 3689 frammenti:

1333 1250 1407 1298 pr.
1454 1232 1737 1299 Simplicio,
1789 1231 1949 1292 Phys.
2004 1230 2118 1294 188,
2172 1243 2240 1294 32

1332 1307 1399 1368 γῆ
1446 1300 1537 1352 καὶ
1583 1301 1732 1367 ὕδωρ
1787 1298 1938 1352 πάντ’
1975 1298 2095 1353 ἔσθ’
2143 1299 2240 1351 ὅσα

1331 1373 1556 1438 γίνονται
1608 1370 1704 1438 ἠδὲ
1755 1371 1975 1437 φύονται
2021 1389 2049 1423 e
2095 1375 2240 1423 Sesto

1331 1447 1484 1511 Emp.
1521 1447 1656 1495 Adv.
1685 1447 1840 1495 math.
1883 1445 1947 1503 X,
1974 1457 2079 1507 314
2115 1439 2238 1492 πάν-

1332 1533 1414 1570 τες
1464 1512 1561 1580 γὰρ
1611 1510 1760 1579 γαίης
1805 1532 1858 1564 τε
1909 1513 1999 1564 καὶ
2048 1512 2240 1569 ὕδατος

1332 1584 1705 1652 ἐκγενόμεσθα.

1405 1670 1524 1721 714.
1563 1666 1810 1722 quattuor
1836 1675 1898 1707 ex
1922 1659 2105 1706 rebus:
2144 1674 2234 1723 per

1332 1729 1672 1779 determinare
1698 1729 1863 1793 questi
1891 1737 2092 1794 quattro
2130 1728 2231 1778 ele·

1333 1801 1494 1848 menti
1561 1800 1804 1851 Lucrezio
1881 1808 2092 1864 apporta
2156 1799 2242 1850 nel

1331 1887 1478 1920 verso
1519 1877 1763 1934 seguente
1797 1870 1833 1918 il
1872 1871 1982 1918 solo
2012 1871 2241 1934 esempio

1332 1942 1468 1991 della
1517 1941 1675 1990 teoria
1727 1940 2070 2005 empedoclea.
2132 1945 2238 1991 An·

1333 2013 1425 2061 che
1464 2009 1585 2077 pero
1629 2011 1678 2059 la
1728 2011 1885 2060 teoria
1924 2013 1975 2059 di
2027 2012 2238 2062 Zenone

1332 2083 1512 2132 Eleate
1579 2097 1776 2147 poneva
1850 2089 2054 2148 quattro
2130 2082 2238 2132 ele-

1334 2154 1512 2214 menti,
1550 2155 1587 2202 il
1625 2154 1787 2213 caldo,
1826 2154 1864 2202 il
1902 2154 2096 2213 freddo‚
2136 2154 2168 2202 1’
2186 2171 2238 2202 a·

1333 2226 1519 2274 sciutto
1569 2242 1595 2274 e
1646 2225 1679 2272 l'
1703 2226 1910 2275 umido,
1968 2225 2123 2288 Diog.
2176 2225 2238 2275 L.

1334 2296 1423 2355 IX,
1469 2306 1514 2359 5,
1556 2297 1585 2343 8
1625 2292 1862 2379 [ἀρέσκει
1896 2292 2123 2362 Ζένωνι]
2161 2313 2241 2359 γε-

1332 2365 1583 2431 γενῆσθαι
1628 2364 1686 2416 δὲ
1735 2362 1829 2431 τὴν
1878 2370 1984 2415 τῶν
2030 2364 2242 2416 πάντων

1334 2435 1496 2501 φύσιν
1531 2434 1592 2486 ἐκ
1643 2435 1846 2500 θερμοῦ
1893 2434 1985 2486 καὶ
2023 2441 2240 2501 ψυχροῦ

1335 2525 1425 2557 και
1464 2507 1630 2573 ξηροῦ
1679 2505 1770 2557 καὶ
1821 2505 2005 2572 ὑγροῦ,
2043 2506 2239 2572 λαμβα-

1334 2578 1532 2629 νόντων
1580 2576 1650 2635 εἷς
1700 2576 1892 2643 ἄλληλα
1945 2576 2037 2643 τὴν
2084 2596 2237 2641 μετα-

1332 2646 1513 2715 βολήν.

1409 2731 1526 2785 715.
1564 2723 1774 2770 anima:
1813 2721 1901 2785 qui

1335 2808 1479 2841 corne
1517 2793 1672 2840 imbri
1711 2812 1734 2835 c
1776 2792 1990 2857 l'acqua
2029 2811 2050 2833 a
2085 2808 2095 2851 ;
2135 2806 2239 2839 rac-

1336 2863 1472 2912 colse
1522 2863 1798 2927 opportuni
1846 2862 2022 2925 luoghi
2075 2861 2240 2927 paral-

1334 2933 1423 2984 leli
1469 2933 1506 2981 il
1551 2933 1738 2982 Munro
1777 2950 1806 2982 a
1843 2950 1892 2998 q.
1933 2933 1966 2982 Ι.
2018 2931 2241 2981 Citiamo

1337 3005 1447 3053 solo
1485 3004 1731 3067 Vergilio,
1765 3004 1852 3054 ecl.
1891 3004 1981 3060 VI,
2013 3016 2105 3066 32:
2152 3003 2240 3052 Se-

1336 3076 1477 3123 mina
1527 3083 1890 3137 terrarumque
1938 3076 2242 3138 animaeque

1336 3147 1599 3209 marisque
1633 3144 1885 3207 fuissent,
1932 3146 2012 3193 Et
2055 3146 2245 3209 liquidi

1336 3217 1496 3265 simul
1527 3217 1676 3281 ignis.

1946 2740 1968 2762 «
2005 2720 2146 2768 l’aria
2180 2740 2202 2763 ι
2221 2740 2232 2781 ς

1411 3286 1529 3348 716.
1557 3303 1669 3334 cum
1689 3286 1878 3350 primis
1903 3303 1919 3333 .·
1954 3286 2190 3352 equivale
2215 3302 2244 3334 a
2337 3351 2341 3355 Ι

1335 3358 1393 3406 in
1404 3358 1614 3422 primis,
1635 3357 1794 3405 anche
1809 3357 1944 3405 nella
1956 3373 2105 3421 prosa
2119 3357 2242 3405 clas-

1337 3427 1466 3489 sica;
1490 3427 1579 3478 cfr.
1605 3428 1670 3476 ad
1689 3443 1756 3478 eS.
1785 3426 1910 3487 Cic.,
1947 3427 2093 3476 Verr.
2121 3440 2165 3484 2,
2195 3438 2241 3485 2,

1338 3498 1429 3547 28:
1462 3519 1485 3542 c
1517 3500 1660 3547 homo
1689 3500 1826 3547 domi
1849 3515 1975 3547 suae
1998 3515 2110 3546 cum
2129 3497 2245 3561 pri·

1336 3570 1433 3618 mis
1466 3570 1689 3632 locuples
1723 3577 1879 3632 atque
1915 3568 2153 3617 honestus
2198 3586 2243 3616 ο.

1342 3665 1405 3675 -
1447 3640 1776 3705 Empedocles
1797 3656 1813 3687 .·
1855 3638 1970 3689 vedi
2005 3638 2244 3689 Introdu-
