2917 4275
883 325 1009 377 hm:
1056 326 1269 366 RERUM
1316 325 1596 367 NATURA.

2092 322 2213 383 157

298 451 553 526 mittere,
600 451 897 529 lanigerae
945 450 1108 528 quali
1154 461 1293 511 sunt
1338 453 1522 510 ubere
1567 449 1752 522 lactis„

298 541 542 617 scilicet,
592 551 653 601 et
696 539 895 618 glebis'
929 550 1218 600 terrarum
1264 558 1440 618 saepe
1490 538 1674 599 friatis

294 631 619 692 herbarum
664 649 882 708 genera
928 639 987 689 et
1031 632 1229 706 fruges
1272 629 1634 706 frondesque
1679 626 1868 687 videri

296 717 607 797 dispertita
652 717 807 778 inter
852 728 1066 778 terram
1113 716 1340 778 latitare
1386 717 1634 791 minute,

2085 719 2214 794 890

296 819 602 886 postremo
648 807 712 866 in
753 806 931 885 'lignis
976 806 1237 867 cinerem
1273 809 1624 883 fumumque
1670 804 1875 878 videri,

298 915 439 958 cum
484 898 810 974 praefracta
852 896 1067 970 forent,
1116 894 1385 973 ignisque
1430 897 1614 955 latere
1661 893 1944 954 minutos,

298 1005 555 1062 quorum
602 984 687 1046 nil
732 983 860 1044 fieri
905 983 1187 1061 quoniam
1234 983 1549 1044 manifesta
1593 985 1772 1064 docet
1828 1001 1939 1054 res,

297 1073 447 1134 scire
491 1074 631 1135 licet
675 1093 798 1134 non
845 1093 973 1133 esse
1016 1072 1081 1133 in
1125 1075 1305 1134 rebus
1350 1093 1447 1132 res
1492 1072 1575 1132 ita
1618 1070 1847 1144 mixtas

294 1323 389 1370 sed
417 1321 467 1370 si
499 1322 579 1369 lac
615 1322 672 1370 in
709 1337 847 1384 aqua
884 1328 970 1378 est,
1010 1313 1200 1385 tiquam

294 1407 349 1440 eo
405 1392 633 1440 colorari
689 1407 794 1440 non
859 1392 967 1440 eius
1020 1399 1201 1456 guttas

294 1463 494 1512 mittere
548 1478 744 1511 necesse
797 1469 875 1512 est
925 1480 969 1515 υ.
1027 1463 1115 1511 Ma
1163 1463 1201 1511 il

295 1533 536 1582 Giussani
573 1532 711 1582 nella
747 1533 978 1584 edizione
1023 1535 1090 1582 ha
1127 1534 1199 1583 la-

293 1605 406 1654 ticis
458 1621 486 1654 e
536 1605 573 1653 il
623 1603 909 1668 significato
963 1621 1069 1654 non
1118 1621 1199 1654 sa-

292 1676 451 1725 rebbe
478 1675 653 1741 quello
686 1677 776 1741 qui
814 1675 1077 1726 confutato
1115 1676 1200 1725 dal

294 1747 517 1810 Brieger,
550 1745 697 1796 bensi
736 1754 953 1813 questo:
992 1747 1042 1796 le
1079 1747 1200 1797 erbe

293 1818 611 1868 dovrebbero
652 1818 893 1867 mandare
918 1818 1052 1866 fuori
1080 1833 1197 1882 goc-

291 1903 351 1938 ce
387 1889 440 1937 di
478 1889 625 1939 dolce
651 1888 850 1953 liquido
888 1905 917 1938 e
942 1889 995 1939 di
1020 1904 1199 1960 sapore

292 1959 459 2011 simile
509 1977 539 2008 a
596 1960 771 2025 quello
827 1959 910 2009 del
956 1959 1097 2010 latte.
1154 1961 1199 2009 E

293 2031 685 2095 inespugnabile
711 2027 835 2096 pero
872 2031 923 2089 la
948 2028 1197 2081 difficolta

292 2103 673 2167 grammaticale
711 2103 764 2152 di
802 2101 959 2168 quell’
982 2109 1043 2152 et.

360 2172 481 2237 887.
519 2176 702 2223 ubere.-
745 2174 782 2222 il
819 2173 1077 2223 Lambino
1116 2189 1196 2223 se-

289 2245 435 2309 guito
496 2246 561 2293 da
623 2244 915 2294 moltissimi
968 2261 1193 2295 corresse

288 2317 461 2365 ubera.
512 2317 599 2364 Ma
649 2315 687 2364 il
734 2317 945 2379 Brieger
990 2332 1193 2367 osser-va

288 2386 383 2434 che
432 2386 482 2435 le
530 2388 823 2436 mammelle
868 2403 973 2437 non
1021 2388 1192 2436 hanno

288 2471 487 2521 sapore,
516 2473 570 2506 se
596 2472 699 2506 non
738 2459 943 2523 quando
979 2458 1023 2508 si
1048 2474 1191 2506 man-

288 2526 477 2591 gianol
526 2528 646 2591 Egli
702 2525 825 2594 pero
875 2528 1187 2594 interpreta:

286 2598 438 2661 quali
470 2606 651 2661 sapore
680 2607 859 2664 guttae
893 2600 1042 2649 lactis
1067 2608 1196 2649 sunt

288 2670 347 2716 in
382 2669 642 2734 lanigerae
679 2672 843 2720 ubere.
885 2671 931 2719 Ο
967 2686 1114 2721 come
1139 2671 1191 2720 le

286 2754 444 2803 gocce
498 2740 551 2788 di
607 2741 730 2791 latte
789 2756 1014 2807 possono
1072 2757 1191 2791 aver

286 2826 467 2875 sapore
524 2811 660 2861 nella
715 2812 1048 2862 mammella?
1103 2815 1190 2863 In-

284 2888 533 2946 ter-preto:
555 2890 734 2947 guttae
758 2900 820 2931 ex
844 2884 995 2931 ubere
1021 2883 1187 2943 lactis,

285 2952 634 3002 richiamando
660 2954 712 3002 di
738 2954 985 3004 Lucrezio
1010 2962 1185 3014 ste530‚

283 3023 350 3087 H,
390 3035 497 3087 370
524 3027 680 3074 ubera
716 3024 879 3083 lactis,
908 3042 937 3075 e
973 3025 1047 3089 gli
1072 3026 1188 3074 altri

284 3096 500 3161 esempii
549 3096 602 3145 di
638 3096 853 3145 Tibullo
892 3113 921 3147 e
955 3097 1186 3147 Varrone

282 3166 423 3218 citati
460 3166 545 3215 dal
581 3168 769 3216 Munro
806 3184 837 3215 a
873 3183 923 3232 q.
961 3167 995 3215 1.

357 3237 607 3300 888-890.
659 3238 851 3287 Stando
888 3238 990 3287 alla
1026 3239 1187 3287 teoria

284 3308 336 3357 di
371 3311 693 3373 Anassagora
736 3315 918 3373 questa
974 3309 1184 3372 ragione

284 3394 386 3428 non
424 3380 687 3430 vari-ebbe.
731 3379 861 3429 Dice
895 3379 1180 3430 'Lucreziot

284 3464 337 3498 se
380 3452 514 3509 erbe,
561 3452 711 3501 biade
749 3467 777 3499 e
824 3451 1003 3500 fronde
1051 3450 1181 3500 deri-

283 3536 412 3569 vano
448 3522 583 3570 dalla
609 3532 753 3585 terra,
782 3521 943 3572 divisa
973 3522 1025 3572 la
1053 3527 1183 3570 terra

281 3590 593 3641 dovrebbero
653 3593 861 3642 trovarsi
916 3591 1181 3658 particelle

282 3662 619 3715 minutissime
667 3664 719 3712 di
768 3664 903 3729 erbe,
947 3664 1101 3714 biade
1152 3679 1181 3715 e

1309 1319 1506 1369 fronde.
1558 1314 1842 1377 Senonche,
1900 1334 1954 1367 se
2003 1316 2021 1365 i
2070 1317 2211 1382 corpi

1310 1391 1362 1440 di
1398 1393 1719 1454 Anassagora
1743 1405 1870 1438 sono
1896 1387 2083 1437 infiniti
2119 1403 2215 1452 per

1308 1478 1523 1512 numero
1549 1479 1578 1511 e
1603 1477 1694 1526 per
1720 1459 2000 1524 piccolezza
2027 1458 2208 1524 (Arist.

1308 1534 1542 1597 Metaph.
1582 1534 1670 1589 IX,
1711 1530 1758 1590 6,
1799 1531 1831 1580 6
1868 1526 2035 1580 πάντα
2076 1525 2213 1593 χρή-

1303 1620 1443 1668 ματα
1498 1599 1565 1668 ἦν
1624 1600 1812 1666 ἄπειρα
1867 1598 1959 1650 καὶ
2018 1597 2210 1664 πλήθει

1306 1672 1399 1725 καὶ
1434 1671 1733 1739 μικρότητι)
1766 1671 1794 1722 ὲ
1831 1672 1982 1722 facile
2011 1673 2210 1737 rispon-

1307 1747 1427 1796 dere
1452 1747 1550 1796 che
1584 1748 1638 1796 in
1675 1745 1914 1795 ciascuna
1947 1742 2212 1809 particella

1307 1818 1359 1866 di
1397 1825 1528 1868 terra
1559 1832 1686 1866 sono
1714 1815 1862 1866 bensi
1900 1816 2035 1874 erbe,
2057 1813 2210 1862 biade

1307 1905 1335 1938 e
1386 1889 1582 1946 fronde,
1633 1905 1717 1937 ma
1774 1902 1879 1935 non
1934 1886 2206 1950 appaiono,

1306 1956 1515 2024 giacche
1561 1959 1614 2008 di
1665 1959 1871 2008 ciascun
1917 1971 2072 2022 corpo
2118 1971 2206 2020 ap·

1305 2047 1427 2096 pare
1477 2031 1587 2079 solo
1638 2029 1810 2095 quella
1860 2027 2071 2076 materia
2114 2027 2208 2076 che

1306 2099 1335 2151 ὲ
1371 2101 1425 2151 in
1465 2098 1696 2167 quantita
1733 2099 2139 2168 preponderante
2174 2114 2209 2149 e

1303 2174 1395 2223 che
1433 2173 1498 2223 da
1537 2189 1684 2223 come
1719 2174 1757 2221 il
1808 2178 2054 2221 carattere
2093 2186 2120 2219 e
2158 2170 2208 2218 la

1301 2244 1570 2293 fisonomia
1609 2244 1814 2310 propria
1851 2241 1952 2291 alla
1981 2241 2206 2292 miscela.

1300 2315 1377 2364 La
1450 2322 1608 2364 stessa
1681 2314 2032 2365 osservazione
2093 2312 2208 2362 vale

1300 2402 1426 2451 pure
1463 2402 1554 2451 per
1590 2387 1622 2435 l'
1646 2386 1874 2451 esempio
1921 2390 2181 2448 seguente.

1372 2455 1495 2518 890.
1545 2458 1684 2506 inter
1733 2466 1928 2506 terram
1948 2473 1964 2503 .·
2014 2454 2118 2504 cosi
2168 2454 2207 2503 il

1300 2528 1634 2587 Lachmann3
1673 2528 1973 2591 l'Oblongus
2007 2527 2066 2575 in
2103 2532 2206 2575 ter-

1297 2616 1413 2647 ram
1434 2616 1450 2647 .·
1489 2599 1528 2649 il
1560 2600 1861 2659 Quadratus
1885 2614 1913 2647 e
1943 2597 1994 2645 le
2018 2594 2206 2645 schede

1299 2670 1638 2735 Gottorpiane
1693 2672 1956 2719 ometton'o
2019 2672 2206 2732 questo

1297 2757 1441 2790 verso
1467 2758 1494 2791 e
1521 2742 1559 2790 il
1587 2748 1850 2807 seguente.
1889 2739 1976 2789 Gli
2014 2736 2203 2787 antichi

1300 2812 1482 2862 editori
1554 2826 1832 2879 proposero
1903 2814 2206 2873 congetture

1297 2898 1402 2932 non
1440 2884 1595 2934 felici.

1370 2953 1489 3018 893.
1531 2970 1650 3004 res.-
1687 2954 1934 3018 aggiunto
1973 2949 2059 3016 gia
2095 2950 2206 2999 dal·

1296 3026 1329 3074 l'
1346 3026 1518 3075 antico
1580 3033 1858 3075 correttore
1919 3024 2005 3073 del
2065 3022 2202 3083 Qua-

1295 3098 1496 3148 dratus.
1559 3097 1604 3147 Il
1657 3096 1859 3145 criterio
1914 3094 2033 3143 dell'
2055 3108 2204 3157 espe-

1295 3167 1462 3217 rienza
1498 3168 1588 3234 qui
1625 3167 1882 3233 applicato
1919 3167 1984 3214 da
2010 3168 2202 3217 Lucre-

1294 3238 1372 3286 zio
1410 3238 1712 3303 (manases-ta
1756 3239 1897 3287 docet
1945 3236 2052 3301 res)
2097 3250 2202 3285 non

1291 3308 1437 3371 vale;
1491 3307 1700 3375 giacche
1745 3326 1837 3375 per
1873 3310 2201 3371 Anassagora

1290 3380 1342 3429 le
1379 3381 1646 3445 particelle
1683 3380 1950 3431 commiste
1989 3380 2090 3429 alle
2126 3377 2200 3426 al-

1292 3457 1367 3500 tre
1419 3466 1538 3500 cose
1585 3453 1872 3510 sarebbero,
1917 3467 2063 3501 come
2111 3448 2201 3497 ab·

1290 3521 1465 3571 biamo
1518 3523 1676 3587 detto,
1714 3524 1762 3572 d'
1788 3522 1987 3572 infinita
2029 3520 2203 3586 picco·

1290 3592 1439 3653 lezza,
1480 3609 1586 3644 non
1621 3595 1813 3645 visibili
1850 3593 2045 3659 quindi.
