2917 4275
969 305 1054 347 nit
1103 303 1321 347 RERUM
1366 305 1648 353 NATURA.
2137 310 2253 362 πεῖ

342 453 456 495 nec
500 454 596 496 res
641 437 761 494 ulla
806 442 1005 511 potest
1048 452 1187 491 vera
1230 430 1458 492 ratione
1505 431 1745 511 probari

339 543 591 601 corpore
639 524 818 582 inane
865 541 972 581 suo
1019 524 1212 581 celare
1256 531 1435 598 atque
1483 520 1640 581 intus
1686 524 1929 601 habere,

340 612 390 672 si
439 632 580 685 non,
630 613 803 689 quod?
841 609 1101 683 cohibet,
1150 608 1408 669 solidum
1440 621 1710 670 constare
1743 609 2073 687 relinquas:
2129 630 2157 686 5
2181 630 2245 686 ις,

340 701 405 760 id
450 720 628 779 porro
675 701 761 759 nil
806 719 932 759 esse
979 708 1178 776 potest
1223 697 1337 758 nisi
1380 699 1648 758 materiai

343 790 680 861 concilium,
732 792 894 866 quod
945 787 1120 864 inane
1167 797 1348 864 queat
1390 807 1587 846 rerum
1637 786 1939 849 cohibere.

339 878 616 939 materies
661 878 853 958 igitur,
904 876 1096 938 solido
1142 872 1296 953 quae
1341 896 1589 954 corpore
1638 886 1885 950 constat,

341 1157 621 1224 τμηθῆναι,
661 1156 848 1223 ἀπαθῆ
885 1157 1007 1209 ὄντα
1055 1156 1151 1209 παὶ
1186 1156 1241 1210 ἇ-

338 1229 535 1295 μέτοχα
576 1235 748 1280 κενοῦ.
792 1231 947 1282 Arist.
1001 1233 1081 1280 De
1125 1248 1239 1297 gen.

342 1310 392 1352 et
425 1311 657 1366 corrupt.
695 1303 735 1361 I,
765 1301 811 1360 8,
846 1316 941 1362 14:
988 1299 1106 1364 οὔτε
1142 1299 1241 1367 γὰρ

339 1371 600 1438 μανότερα
638 1370 757 1422 οὕτε
801 1373 1095 1437 πυκνότερα
1133 1371 1245 1422 οἷόν

341 1461 396 1494 τε
454 1441 687 1508 γίνεσθαι
743 1448 900 1493 κενοῦ
960 1440 1035 1508 μὴ
1098 1441 1244 1500 ὄντος

341 1511 399 1565 ἔν
435 1521 540 1570 τοῖς
578 1511 904 1579 ἀδιαιρέτοις.
932 1515 1115 1564 Strano
1151 1517 1244 1566 che

341 1587 381 1636 il
414 1587 708 1650 Woltjer‚
748 1587 906 1637 Lucr.
935 1588 1242 1651 philosoph„

341 1675 392 1724 p.
434 1671 502 1718 23
542 1666 780 1722 sostenga
818 1657 911 1707 che
959 1659 1126 1722 questi
1164 1674 1244 1707 ar·

344 1729 578 1793 gomenti
627 1745 732 1777 non
781 1743 1001 1794 possono
1052 1728 1245 1779 risalire

343 1801 409 1849 ad
466 1801 706 1866 Epicuro,
764 1815 940 1864 presso
1001 1798 1037 1849 il
1092 1799 1245 1865 quale

344 1887 500 1937 corpo
549 1887 577 1920 e
626 1877 783 1920 vuoto
831 1886 933 1918 non
985 1871 1026 1919 si
1083 1871 1245 1920 esclu-

343 1943 495 1992 don0.
534 1943 622 1990 Ma
676 1942 838 1991 anche
886 1957 975 2006 per
1022 1941 1246 2006 Epicuro

343 2012 383 2061 il
420 2021 577 2061 vuoto
615 2009 643 2061 ὲ
683 2029 753 2061 un
797 2011 927 2062 καθ’
962 2009 1088 2060 αὑτό
1106 2029 1123 2060 .·
1171 2029 1248 2078 pr.

341 2083 499 2149 Diog.
561 2085 620 2133 L.
677 2083 741 2147 X,
804 2084 869 2147 67
911 2078 1057 2132 'nae’
1096 2079 1249 2132 ἑαυτὸ

344 2152 405 2205 δὲ
462 2152 563 2205 οὐκ
614 2153 719 2204 ἔστι
767 2160 949 2217 νοῆσαι
1003 2151 1059 2203 τὸ
1108 2151 1248 2204 ἀσώ-

340 2243 504 2287 ματον
564 2223 701 2291 πλὴν
764 2223 845 2274 ἐπὶ
916 2229 1008 2275 τοῦ
1073 2230 1246 2275 κενοῦ.

342 2298 478 2348 Vedi
517 2306 638 2346 nota
677 2315 707 2345 a
744 2314 887 2347 verso
927 2297 1045 2362 506.

420 2370 600 2434 516-7.
641 2369 975 2434 Espressione
1025 2368 1248 2417 tecnica·

354 2448 528 2490 mente
554 2455 687 2505 poco
712 2447 886 2488 esatta.
915 2439 1067 2489 Nella
1092 2440 1249 2490 teoria

349 2512 603 2577 epicurea,
656 2511 730 2574 gli
780 2510 936 2559 atomi
980 2511 1072 2559 che
1122 2526 1249 2560 sono

345 2583 402 2632 in
446 2599 517 2631 un
574 2598 728 2647 corpo
784 2598 886 2630 nen
938 2581 980 2629 si
1037 2588 1248 2631 toccano

346 2670 439 2719 per
475 2654 628 2702 modo
667 2653 731 2701 da
768 2652 987 2702 formare
1038 2654 1250 2702 materia

344 2732 639 2790 compatta:
684 2721 713 2772 ὲ
750 2724 966 2773 inesatto
993 2724 1172 2789 quindi
1211 2724 1247 2772 il

342 2797 454 2845 dire
515 2795 605 2845 che
677 2812 746 2843 un
808 2795 918 2843 loro
978 2796 1247 2843 concilium

343 2866 527 2916 chiuda
563 2867 601 2915 il
639 2874 827 2927 vuoto;
867 2865 903 2914 il
947 2871 1101 2914 vuoto
1125 2863 1243 2915 avr&

346 2938 413 2986 da
449 2937 573 3001 ogni
612 2947 752 3001 parte
777 2936 1002 3002 spiragli,
1032 2933 1242 3000 giacche

343 3025 442 3074 pur
479 3009 600 3057 nell’
623 3010 822 3058 interno
870 3008 924 3055 di
963 3022 1033 3056 un
1070 3023 1240 3073 corpo,

272 3118 288 3134 ,
342 3080 417 3143 gli
473 3080 630 3128 atomi
685 3085 926 3137 nuotano,
986 3094 1076 3143 per
1137 3077 1241 3127 cosi

343 3150 468 3208 dire,
496 3150 582 3199 nel
608 3157 776 3197 ναοῖο.
806 3151 1001 3213 Questo
1020 3146 1104 3213 gib
1127 3150 1243 3198 vide

342 3220 382 3270 il
420 3222 603 3277 Tohte‚
629 3220 665 3268 1.
693 3235 735 3267 c.
774 3221 863 3268 Ma
899 3216 927 3268 ὲ
960 3220 1243 3269 necessario

342 3293 587 3341 avvertire
615 3292 706 3340 che
734 3291 993 3354 Lucrezio‚
1023 3308 1112 3356 per
1131 3306 1243 3341 ren-

344 3364 464 3413 dere
502 3360 590 3427 pih
622 3364 735 3412 viva
771 3361 1111 3426 l’immagine,
1140 3358 1244 3427 pub

343 3433 451 3512 fere
499 3434 717 3499 qualche
766 3435 1095 3482 concessione
1145 3434 1245 3483 alla

343 3502 594 3555 necessit&
638 3505 692 3553 di
741 3521 843 3553 una
893 3512 1244 3569 rappresenta·

342 3576 489 3626 zione
528 3576 654 3625 satta
692 3591 763 3624 un
794 3577 877 3640 po'
905 3575 1243 3638 all'ingrosso.

348 3646 585 3695 Cohibere
622 3662 727 3696 non
764 3647 807 3696 si
849 3647 975 3696 deve
1020 3642 1131 3695 cioe
1170 3647 1244 3694 in-

1351 1161 1560 1210 tendere
1636 1160 1690 1208 in
1763 1176 1912 1209 senso
1981 1162 2205 1210 assnlum
2237 1182 2249 1218 4

1354 1231 1717 1282 mentalmente
1756 1232 2012 1295 possiamo
2050 1249 2253 1294 ras-pat:-

1351 1303 1567 1352 sentarci
1607 1302 1769 1351 anche
1807 1318 1908 1351 una
1933 1302 2069 1351 linea
2097 1306 2249 1350 circn-

1351 1375 1455 1422 lare
1494 1374 1546 1422 di
1583 1374 1734 1439 punti
1778 1389 1924 1423 come
1975 1374 2109 1422 linea
2161 1377 2253 1422 che

1352 1447 1555 1495 cohibet.

1425 1526 1452 1580 5
1467 1526 1543 1577 17.
1566 1517 1722 1565 inane
1746 1531 1922 1564 rerum
1938 1533 1955 1563 :
1982 1513 2093 1563 cio}
2121 1518 2265 1578 fssms'

1352 1595 1428 1636 est
1463 1589 1519 1634 in
1555 1589 1722 1635 rebus.
1755 1586 1860 1636 Cfr.
1887 1589 2251 1650 Stuereumrg,

1352 1662 1485 1708 Acta
1537 1675 1634 1706 soc.
1686 1659 1891 1716 philol„
1942 1657 2133 1722 Leipetm
2191 1658 2253 1714 Η,

1352 1746 1401 1795 p.
1441 1740 1583 1791 427:
1631 1747 1656 1774 ι
1698 1745 1875 1776 rerum
1914 1737 1973 1777 ut
2008 1730 2253 1794 seris-tum

1353 1809 1430 1850 est
1497 1801 1551 1848 in
1605 1800 1640 1850 1.
1705 1817 1823 1848 mss.
1881 1800 1990 1849 iure
2058 1817 2149 1846 suff
2209 1810 2253 1846 et

1355 1870 1635 1921 Goebelius
1700 1871 1931 1920 defendit
1993 1870 2117 1934 (Qui.
2197 1874 2253 1914 L..

1354 1959 1405 2007 p.
1448 1946 1539 2002 20)
1577 1950 1628 1990 et
1664 1943 1849 1990 Munro
1901 1941 2101 1990 retinet.
2161 1942 2253 1986 [zt-

1322 2010 1544 2062 'cretius
1581 2027 1699 2060 cum
1748 2013 1904 2060 inane
1955 2012 2105 2077 planu:
2165 2030 2253 2074 pm

1357 2083 1674 2132 substantivo
1710 2090 1882 2149 ponat,
1912 2091 1962 2132 et
1999 2082 2149 2131 modo
2193 2086 2253 2131 ιῙιε

1356 2156 1513 2217 inani,
1553 2155 1691 2220 quod
1728 2171 1806 2204 res
1855 2156 1994 2205 intus
2037 2156 2257 2203 habeant

1356 2225 1510 2291 (514)
1547 2234 1699 2291 atque
1738 2225 1791 2273 in
1831 2228 1981 2276 rebus
2015 2226 2077 2275 sit
2105 2231 2153 2287 [3
2177 2243 2181 2271 ι
2205 2231 2257 2287 3]

1356 2299 1558 2347 locutus
1597 2297 1679 2355 sit,
1716 2305 1852 2346 certe
1893 2299 1992 2346 hoc
2041 2298 2153 2344 loc-:i
2193 2299 2255 2343 zie

1358 2385 1526 2417 rerum
1588 2369 1730 2417 inani
1785 2368 1927 2434 loqui
1984 2376 2149 2433 potes-i
2217 2387 2229 2407 ι

1357 2440 1642 2489 Ritennero
1676 2455 1774 2504 pur
1809 2439 2034 2503 genuino
2089 2443 2121 2487 i!
2181 2459 2253 2483 m·-

1357 2527 1476 2559 rum
1515 2510 1554 2559 il
1589 2510 2097 2567 Winckelmanu‚
2143 2511 2253 2555 Hei-

1356 2590 1541 2647 troege,
1617 2581 1892 2631 Salzwedel
1965 2580 2129 2644 1855&
2197 2583 2253 2627 L.

1318 2653 1780 2717 -Grasberger,
1840 2653 1919 2700 De
1966 2652 2028 2701 L.
2081 2671 2253 2707 [ευ-«πμ,

1356 2724 1619 2773 Mfinchen
1686 2722 1833 2788 1855.
1892 2724 2161 2771 Mutarnnm
2221 2723 2253 2767 il

1356 2795 1617 2843 Purmann
1665 2794 1789 2858 (Qu.
1826 2794 1985 2842 Lucr.
2037 2796 2069 2856 Ι1
2113 2811 2157 2859 ]ἰ,.
2201 2795 2257 2851 ᾗ]

1349 2865 1404 2913 in
1442 2868 1650 2923 circum,
1692 2866 1732 2914 il
1769 2864 2024 2915 Susemihl
2073 2867 2121 2911 in
2157 2879 2253 2927 'mc-

1348 2952 1468 2984 rum
1525 2934 1847 3001 (congettura
1904 2947 2185 3000 presentata
2229 2951 2253 2983 e

1350 3007 1436 3072 poi
1453 3008 1812 3056 abbandonata
1830 3006 1916 3055 dal
1940 3007 1980 3054 B
1993 3023 2017 3054 r
2032 3006 2047 3054 i
2062 3023 2087 3055 e:
2105 3023 2133 3067 g
2153 3027 2177 3051 c
2193 3007 2249 3067 rjh

1351 3078 1388 3127 il
1425 3082 1649 3142 Bernays
1686 3080 1738 3127 in
1775 3094 1954 3126 verum
1972 3095 1993 3134 ,·
2020 3078 2057 3125 il
2097 3079 2257 3123 Lach-

1350 3166 1509 3198 mann
1546 3150 1599 3197 in
1637 3151 1776 3198 rebu'
1819 3157 2005 3212 queat,·
2060 3151 2093 3195 ii
2149 3151 2253 3195 Eia-

1351 3221 1501 3281 rullo,
1539 3220 1579 3269 il
1608 3219 1898 3270 Wakefield
1936 3236 1964 3268 e
2002 3219 2041 3267 il
2077 3219 2253 3267 Furia}-

1351 3307 1443 3355 ger
1485 3292 1540 3339 in
1576 3298 1777 3341 tectum.

1425 3361 1640 3425 518·19.
1692 3363 1738 3412 11
1796 3361 2052 3424 Giussani,
2109 3363 2253 3407 fimf.

1351 3433 1502 3490 lucr„
1542 3450 1591 3497 p.
1630 3447 1725 3493 41:
1770 3453 1793 3476 c
1823 3428 1920 3482 Pih
1951 3434 2101 3497 leggn
2133 3431 2253 3495 515-

1359 3516 1421 3564 19
1479 3522 1507 3553 e
1567 3499 1657 3568 pin
1724 3503 1794 3552 mi
1858 3505 2121 3570 pei-suado,
2173 3503 2253 3551 ml

1355 3574 1587 3637 Gneisse,
1627 3575 1720 3625 che
1752 3591 1857 3623 non
1898 3589 2117 3639 possonn
2157 3583 2253 3619 πτει-

1356 3647 1445 3710 qui
1467 3661 1612 3696 come
1631 3646 1805 3695 chiusa
1825 3646 1876 3695 di
1899 3655 2125 3709 511-5121
2153 3647 2257 3693 ιςΕ
